%YAML 1.1
%TAG !u! tag:unity3d.com,2011:
--- !u!29 &1
SceneSettings:
  m_ObjectHideFlags: 0
  m_PVSData: 
  m_PVSObjectsArray: []
  m_PVSPortalsArray: []
  m_OcclusionBakeSettings:
    smallestOccluder: 5
    smallestHole: 0.25
    backfaceThreshold: 100
--- !u!104 &2
RenderSettings:
  m_ObjectHideFlags: 0
  serializedVersion: 7
  m_Fog: 0
  m_FogColor: {r: 0.5, g: 0.5, b: 0.5, a: 1}
  m_FogMode: 3
  m_FogDensity: 0.01
  m_LinearFogStart: 0
  m_LinearFogEnd: 300
  m_AmbientSkyColor: {r: 0.212, g: 0.227, b: 0.259, a: 1}
  m_AmbientEquatorColor: {r: 0.114, g: 0.125, b: 0.133, a: 1}
  m_AmbientGroundColor: {r: 0.047, g: 0.043, b: 0.035, a: 1}
  m_AmbientIntensity: 0.4
  m_AmbientMode: 0
  m_SkyboxMaterial: {fileID: 2100000, guid: 617d9be015db68348a623b01ea51a8c5, type: 2}
  m_HaloStrength: 0.5
  m_FlareStrength: 1
  m_FlareFadeSpeed: 3
  m_HaloTexture: {fileID: 0}
  m_SpotCookie: {fileID: 10001, guid: 0000000000000000e000000000000000, type: 0}
  m_DefaultReflectionMode: 0
  m_DefaultReflectionResolution: 128
  m_ReflectionBounces: 1
  m_ReflectionIntensity: 1
  m_CustomReflection: {fileID: 0}
  m_Sun: {fileID: 0}
  m_IndirectSpecularColor: {r: 0.053142473, g: 0.15861495, b: 0.20683853, a: 1}
--- !u!157 &3
LightmapSettings:
  m_ObjectHideFlags: 0
  serializedVersion: 7
  m_GIWorkflowMode: 1
  m_GISettings:
    serializedVersion: 2
    m_BounceScale: 1
    m_IndirectOutputScale: 1
    m_AlbedoBoost: 1
    m_TemporalCoherenceThreshold: 1
    m_EnvironmentLightingMode: 0
    m_EnableBakedLightmaps: 1
    m_EnableRealtimeLightmaps: 1
  m_LightmapEditorSettings:
    serializedVersion: 4
    m_Resolution: 2
    m_BakeResolution: 40
    m_TextureWidth: 1024
    m_TextureHeight: 1024
    m_AO: 1
    m_AOMaxDistance: 1
    m_CompAOExponent: 1
    m_CompAOExponentDirect: 0
    m_Padding: 2
    m_LightmapParameters: {fileID: 0}
    m_LightmapsBakeMode: 2
    m_TextureCompression: 1
    m_DirectLightInLightProbes: 1
    m_FinalGather: 1
    m_FinalGatherFiltering: 1
    m_FinalGatherRayCount: 256
    m_ReflectionCompression: 2
  m_LightingDataAsset: {fileID: 112000001, guid: 3241971137bea7c42b73338b90f85a54,
    type: 2}
  m_RuntimeCPUUsage: 25
--- !u!196 &4
NavMeshSettings:
  serializedVersion: 2
  m_ObjectHideFlags: 0
  m_BuildSettings:
    serializedVersion: 2
    agentRadius: 0.5
    agentHeight: 2
    agentSlope: 45
    agentClimb: 0.4
    ledgeDropHeight: 0
    maxJumpAcrossDistance: 0
    accuratePlacement: 0
    minRegionArea: 2
    cellSize: 0.16666667
    manualCellSize: 0
  m_NavMeshData: {fileID: 0}
--- !u!1 &57855972
GameObject:
  m_ObjectHideFlags: 0
  m_PrefabParentObject: {fileID: 0}
  m_PrefabInternal: {fileID: 0}
  serializedVersion: 4
  m_Component:
  - 224: {fileID: 57855973}
  - 223: {fileID: 57855976}
  - 114: {fileID: 57855975}
  - 114: {fileID: 57855974}
  m_Layer: 5
  m_Name: Logo
  m_TagString: Untagged
  m_Icon: {fileID: 0}
  m_NavMeshLayer: 0
  m_StaticEditorFlags: 0
  m_IsActive: 1
--- !u!224 &57855973
RectTransform:
  m_ObjectHideFlags: 0
  m_PrefabParentObject: {fileID: 0}
  m_PrefabInternal: {fileID: 0}
  m_GameObject: {fileID: 57855972}
  m_LocalRotation: {x: -0, y: -0, z: -0, w: 1}
  m_LocalPosition: {x: 0, y: 0, z: 120}
  m_LocalScale: {x: 1, y: 1, z: 1}
  m_LocalEulerAnglesHint: {x: 0, y: 0, z: 0}
  m_Children:
  - {fileID: 146054893}
  m_Father: {fileID: 1482163059}
  m_RootOrder: 4
  m_AnchorMin: {x: 0, y: 0}
  m_AnchorMax: {x: 0, y: 0}
  m_AnchoredPosition: {x: 0, y: 40}
  m_SizeDelta: {x: 200, y: 100}
  m_Pivot: {x: 0.5, y: 0.5}
--- !u!114 &57855974
MonoBehaviour:
  m_ObjectHideFlags: 0
  m_PrefabParentObject: {fileID: 0}
  m_PrefabInternal: {fileID: 0}
  m_GameObject: {fileID: 57855972}
  m_Enabled: 1
  m_EditorHideFlags: 0
  m_Script: {fileID: 1301386320, guid: f5f67c52d1564df4a8936ccd202a3bd8, type: 3}
  m_Name: 
  m_EditorClassIdentifier: 
  m_IgnoreReversedGraphics: 1
  m_BlockingObjects: 0
  m_BlockingMask:
    serializedVersion: 2
    m_Bits: 4294967295
--- !u!114 &57855975
MonoBehaviour:
  m_ObjectHideFlags: 0
  m_PrefabParentObject: {fileID: 0}
  m_PrefabInternal: {fileID: 0}
  m_GameObject: {fileID: 57855972}
  m_Enabled: 1
  m_EditorHideFlags: 0
  m_Script: {fileID: 1980459831, guid: f5f67c52d1564df4a8936ccd202a3bd8, type: 3}
  m_Name: 
  m_EditorClassIdentifier: 
  m_UiScaleMode: 0
  m_ReferencePixelsPerUnit: 100
  m_ScaleFactor: 1
  m_ReferenceResolution: {x: 800, y: 600}
  m_ScreenMatchMode: 0
  m_MatchWidthOrHeight: 0
  m_PhysicalUnit: 3
  m_FallbackScreenDPI: 96
  m_DefaultSpriteDPI: 96
  m_DynamicPixelsPerUnit: 1
--- !u!223 &57855976
Canvas:
  m_ObjectHideFlags: 0
  m_PrefabParentObject: {fileID: 0}
  m_PrefabInternal: {fileID: 0}
  m_GameObject: {fileID: 57855972}
  m_Enabled: 1
  serializedVersion: 2
  m_RenderMode: 2
  m_Camera: {fileID: 0}
  m_PlaneDistance: 100
  m_PixelPerfect: 0
  m_ReceivesEvents: 1
  m_OverrideSorting: 0
  m_OverridePixelPerfect: 0
  m_SortingBucketNormalizedSize: 0
  m_SortingLayerID: 0
  m_SortingOrder: 0
  m_TargetDisplay: 0
--- !u!1 &107971519
GameObject:
  m_ObjectHideFlags: 0
  m_PrefabParentObject: {fileID: 1000012030731052, guid: 0fed1a27d96328e4e9ce9f3244b5df3b,
    type: 2}
  m_PrefabInternal: {fileID: 194011823}
  serializedVersion: 4
  m_Component:
  - 4: {fileID: 107971520}
  m_Layer: 8
  m_Name: '[Status]'
  m_TagString: Untagged
  m_Icon: {fileID: 0}
  m_NavMeshLayer: 0
  m_StaticEditorFlags: 0
  m_IsActive: 1
--- !u!4 &107971520
Transform:
  m_ObjectHideFlags: 0
  m_PrefabParentObject: {fileID: 4000011388210970, guid: 0fed1a27d96328e4e9ce9f3244b5df3b,
    type: 2}
  m_PrefabInternal: {fileID: 194011823}
  m_GameObject: {fileID: 107971519}
  m_LocalRotation: {x: 0, y: 0, z: 0, w: 1}
  m_LocalPosition: {x: 0, y: 0, z: 0}
  m_LocalScale: {x: 1, y: 1, z: 1}
  m_LocalEulerAnglesHint: {x: 0, y: 0, z: 0}
  m_Children:
  - {fileID: 1056863733}
  - {fileID: 1189359953}
  m_Father: {fileID: 946864427}
  m_RootOrder: 5
--- !u!1 &131379006
GameObject:
  m_ObjectHideFlags: 0
  m_PrefabParentObject: {fileID: 1000012488595034, guid: 0fed1a27d96328e4e9ce9f3244b5df3b,
    type: 2}
  m_PrefabInternal: {fileID: 194011823}
  serializedVersion: 4
  m_Component:
  - 4: {fileID: 131379007}
  - 114: {fileID: 131379008}
  m_Layer: 0
  m_Name: ControllerHoverHighlight
  m_TagString: Untagged
  m_Icon: {fileID: 0}
  m_NavMeshLayer: 0
  m_StaticEditorFlags: 0
  m_IsActive: 1
--- !u!4 &131379007
Transform:
  m_ObjectHideFlags: 0
  m_PrefabParentObject: {fileID: 4000014063973272, guid: 0fed1a27d96328e4e9ce9f3244b5df3b,
    type: 2}
  m_PrefabInternal: {fileID: 194011823}
  m_GameObject: {fileID: 131379006}
  m_LocalRotation: {x: 0, y: 0, z: 0, w: 1}
  m_LocalPosition: {x: 0, y: 0, z: 0}
  m_LocalScale: {x: 1.0100001, y: 1.01, z: 1.0100001}
  m_LocalEulerAnglesHint: {x: 0, y: 0, z: 0}
  m_Children: []
  m_Father: {fileID: 1036413790}
  m_RootOrder: 1
--- !u!114 &131379008
MonoBehaviour:
  m_ObjectHideFlags: 0
  m_PrefabParentObject: {fileID: 114000011537362296, guid: 0fed1a27d96328e4e9ce9f3244b5df3b,
    type: 2}
  m_PrefabInternal: {fileID: 194011823}
  m_GameObject: {fileID: 131379006}
  m_Enabled: 1
  m_EditorHideFlags: 0
  m_Script: {fileID: 11500000, guid: 8ca2cc563cc33f542a5d9f8f661184ba, type: 3}
  m_Name: 
  m_EditorClassIdentifier: 
  highLightMaterial: {fileID: 2100000, guid: 7b939e5e799d98a469f594828ebab52e, type: 2}
  fireHapticsOnHightlight: 1
--- !u!1 &146054892
GameObject:
  m_ObjectHideFlags: 0
  m_PrefabParentObject: {fileID: 0}
  m_PrefabInternal: {fileID: 0}
  serializedVersion: 4
  m_Component:
  - 224: {fileID: 146054893}
  - 222: {fileID: 146054895}
  - 114: {fileID: 146054894}
  m_Layer: 5
  m_Name: Image
  m_TagString: Untagged
  m_Icon: {fileID: 0}
  m_NavMeshLayer: 0
  m_StaticEditorFlags: 0
  m_IsActive: 1
--- !u!224 &146054893
RectTransform:
  m_ObjectHideFlags: 0
  m_PrefabParentObject: {fileID: 0}
  m_PrefabInternal: {fileID: 0}
  m_GameObject: {fileID: 146054892}
  m_LocalRotation: {x: 0, y: 0, z: 0, w: 1}
  m_LocalPosition: {x: 0, y: 0, z: 0}
  m_LocalScale: {x: 1, y: 1, z: 1}
  m_LocalEulerAnglesHint: {x: 0, y: 0, z: 0}
  m_Children: []
  m_Father: {fileID: 57855973}
  m_RootOrder: 0
  m_AnchorMin: {x: 0.5, y: 0.5}
  m_AnchorMax: {x: 0.5, y: 0.5}
  m_AnchoredPosition: {x: 0, y: 0}
  m_SizeDelta: {x: 200, y: 100}
  m_Pivot: {x: 0.5, y: 0.5}
--- !u!114 &146054894
MonoBehaviour:
  m_ObjectHideFlags: 0
  m_PrefabParentObject: {fileID: 0}
  m_PrefabInternal: {fileID: 0}
  m_GameObject: {fileID: 146054892}
  m_Enabled: 1
  m_EditorHideFlags: 0
  m_Script: {fileID: -765806418, guid: f5f67c52d1564df4a8936ccd202a3bd8, type: 3}
  m_Name: 
  m_EditorClassIdentifier: 
  m_Material: {fileID: 0}
  m_Color: {r: 1, g: 1, b: 1, a: 0.7529412}
  m_RaycastTarget: 1
  m_OnCullStateChanged:
    m_PersistentCalls:
      m_Calls: []
    m_TypeName: UnityEngine.UI.MaskableGraphic+CullStateChangedEvent, UnityEngine.UI,
      Version=1.0.0.0, Culture=neutral, PublicKeyToken=null
  m_Sprite: {fileID: 21300000, guid: 784afac4d583c1d49b18eb2810bd8f13, type: 3}
  m_Type: 0
  m_PreserveAspect: 0
  m_FillCenter: 1
  m_FillMethod: 4
  m_FillAmount: 1
  m_FillClockwise: 1
  m_FillOrigin: 0
--- !u!222 &146054895
CanvasRenderer:
  m_ObjectHideFlags: 0
  m_PrefabParentObject: {fileID: 0}
  m_PrefabInternal: {fileID: 0}
  m_GameObject: {fileID: 146054892}
--- !u!1001 &194011823
Prefab:
  m_ObjectHideFlags: 0
  serializedVersion: 2
  m_Modification:
    m_TransformParent: {fileID: 1529303114}
    m_Modifications:
    - target: {fileID: 4000010174459706, guid: 0fed1a27d96328e4e9ce9f3244b5df3b, type: 2}
      propertyPath: m_LocalPosition.x
      value: 0
      objectReference: {fileID: 0}
    - target: {fileID: 4000010174459706, guid: 0fed1a27d96328e4e9ce9f3244b5df3b, type: 2}
      propertyPath: m_LocalPosition.y
      value: 0.36
      objectReference: {fileID: 0}
    - target: {fileID: 4000010174459706, guid: 0fed1a27d96328e4e9ce9f3244b5df3b, type: 2}
      propertyPath: m_LocalPosition.z
      value: -1.65
      objectReference: {fileID: 0}
    - target: {fileID: 4000010174459706, guid: 0fed1a27d96328e4e9ce9f3244b5df3b, type: 2}
      propertyPath: m_LocalRotation.x
      value: 0
      objectReference: {fileID: 0}
    - target: {fileID: 4000010174459706, guid: 0fed1a27d96328e4e9ce9f3244b5df3b, type: 2}
      propertyPath: m_LocalRotation.y
      value: 0
      objectReference: {fileID: 0}
    - target: {fileID: 4000010174459706, guid: 0fed1a27d96328e4e9ce9f3244b5df3b, type: 2}
      propertyPath: m_LocalRotation.z
      value: 0
      objectReference: {fileID: 0}
    - target: {fileID: 4000010174459706, guid: 0fed1a27d96328e4e9ce9f3244b5df3b, type: 2}
      propertyPath: m_LocalRotation.w
      value: 1
      objectReference: {fileID: 0}
    - target: {fileID: 4000010174459706, guid: 0fed1a27d96328e4e9ce9f3244b5df3b, type: 2}
      propertyPath: m_RootOrder
      value: 0
      objectReference: {fileID: 0}
    m_RemovedComponents: []
  m_ParentPrefab: {fileID: 100100000, guid: 0fed1a27d96328e4e9ce9f3244b5df3b, type: 2}
  m_RootGameObject: {fileID: 2143433528}
  m_IsPrefabParent: 0
--- !u!1 &350047783
GameObject:
  m_ObjectHideFlags: 0
  m_PrefabParentObject: {fileID: 1000013846072710, guid: 0fed1a27d96328e4e9ce9f3244b5df3b,
    type: 2}
  m_PrefabInternal: {fileID: 194011823}
  serializedVersion: 4
  m_Component:
  - 4: {fileID: 350047784}
  m_Layer: 26
  m_Name: Attach_ControllerTip
  m_TagString: Untagged
  m_Icon: {fileID: 0}
  m_NavMeshLayer: 0
  m_StaticEditorFlags: 0
  m_IsActive: 1
--- !u!4 &350047784
Transform:
  m_ObjectHideFlags: 0
  m_PrefabParentObject: {fileID: 4000012909029850, guid: 0fed1a27d96328e4e9ce9f3244b5df3b,
    type: 2}
  m_PrefabInternal: {fileID: 194011823}
  m_GameObject: {fileID: 350047783}
  m_LocalRotation: {x: 0, y: 0, z: 0, w: 1}
  m_LocalPosition: {x: 0, y: -0.017, z: 0.0332}
  m_LocalScale: {x: 1, y: 1, z: 1}
  m_LocalEulerAnglesHint: {x: 0, y: 0, z: 0}
  m_Children: []
  m_Father: {fileID: 1345399290}
  m_RootOrder: 0
--- !u!1 &452980756
GameObject:
  m_ObjectHideFlags: 0
  m_PrefabParentObject: {fileID: 1000011230863362, guid: 0fed1a27d96328e4e9ce9f3244b5df3b,
    type: 2}
  m_PrefabInternal: {fileID: 194011823}
  serializedVersion: 4
  m_Component:
  - 4: {fileID: 452980757}
  - 136: {fileID: 452980760}
  - 114: {fileID: 452980759}
  - 54: {fileID: 452980758}
  m_Layer: 27
  m_Name: BodyCollider
  m_TagString: Untagged
  m_Icon: {fileID: 0}
  m_NavMeshLayer: 0
  m_StaticEditorFlags: 0
  m_IsActive: 1
--- !u!4 &452980757
Transform:
  m_ObjectHideFlags: 0
  m_PrefabParentObject: {fileID: 4000014140323292, guid: 0fed1a27d96328e4e9ce9f3244b5df3b,
    type: 2}
  m_PrefabInternal: {fileID: 194011823}
  m_GameObject: {fileID: 452980756}
  m_LocalRotation: {x: 0, y: 0, z: 0, w: 1}
  m_LocalPosition: {x: 0, y: 0, z: 0}
  m_LocalScale: {x: 1, y: 1, z: 1}
  m_LocalEulerAnglesHint: {x: 0, y: 0, z: 0}
  m_Children: []
  m_Father: {fileID: 946864427}
  m_RootOrder: 0
--- !u!54 &452980758
Rigidbody:
  m_ObjectHideFlags: 0
  m_PrefabParentObject: {fileID: 54000013569970752, guid: 0fed1a27d96328e4e9ce9f3244b5df3b,
    type: 2}
  m_PrefabInternal: {fileID: 194011823}
  m_GameObject: {fileID: 452980756}
  serializedVersion: 2
  m_Mass: 1
  m_Drag: 0
  m_AngularDrag: 0
  m_UseGravity: 0
  m_IsKinematic: 1
  m_Interpolate: 0
  m_Constraints: 0
  m_CollisionDetection: 0
--- !u!114 &452980759
MonoBehaviour:
  m_ObjectHideFlags: 0
  m_PrefabParentObject: {fileID: 114000012434233226, guid: 0fed1a27d96328e4e9ce9f3244b5df3b,
    type: 2}
  m_PrefabInternal: {fileID: 194011823}
  m_GameObject: {fileID: 452980756}
  m_Enabled: 0
  m_EditorHideFlags: 0
  m_Script: {fileID: 11500000, guid: 1731d642c0b250b48bb8cdfb153d9792, type: 3}
  m_Name: 
  m_EditorClassIdentifier: 
  head: {fileID: 0}
--- !u!136 &452980760
CapsuleCollider:
  m_ObjectHideFlags: 0
  m_PrefabParentObject: {fileID: 136000012290460062, guid: 0fed1a27d96328e4e9ce9f3244b5df3b,
    type: 2}
  m_PrefabInternal: {fileID: 194011823}
  m_GameObject: {fileID: 452980756}
  m_Material: {fileID: 0}
  m_IsTrigger: 0
  m_Enabled: 0
  m_Radius: 0.25
  m_Height: 1.5
  m_Direction: 1
  m_Center: {x: 0, y: 0.75, z: 0}
--- !u!1 &512159696
GameObject:
  m_ObjectHideFlags: 0
  m_PrefabParentObject: {fileID: 1000012186791988, guid: 0fed1a27d96328e4e9ce9f3244b5df3b,
    type: 2}
  m_PrefabInternal: {fileID: 194011823}
  serializedVersion: 4
  m_Component:
  - 4: {fileID: 512159697}
  - 33: {fileID: 512159699}
  - 23: {fileID: 512159698}
  m_Layer: 26
  m_Name: Indicator
  m_TagString: Untagged
  m_Icon: {fileID: 0}
  m_NavMeshLayer: 0
  m_StaticEditorFlags: 0
  m_IsActive: 1
--- !u!4 &512159697
Transform:
  m_ObjectHideFlags: 0
  m_PrefabParentObject: {fileID: 4000012099998978, guid: 0fed1a27d96328e4e9ce9f3244b5df3b,
    type: 2}
  m_PrefabInternal: {fileID: 194011823}
  m_GameObject: {fileID: 512159696}
  m_LocalRotation: {x: 0, y: 0, z: 0, w: 1}
  m_LocalPosition: {x: 0, y: 0, z: 0}
  m_LocalScale: {x: 0.025, y: 0.025, z: 0.025}
  m_LocalEulerAnglesHint: {x: 0, y: 0, z: 0}
  m_Children: []
  m_Father: {fileID: 2014318151}
  m_RootOrder: 0
--- !u!23 &512159698
MeshRenderer:
  m_ObjectHideFlags: 0
  m_PrefabParentObject: {fileID: 23000013045808434, guid: 0fed1a27d96328e4e9ce9f3244b5df3b,
    type: 2}
  m_PrefabInternal: {fileID: 194011823}
  m_GameObject: {fileID: 512159696}
  m_Enabled: 1
  m_CastShadows: 1
  m_ReceiveShadows: 1
  m_MotionVectors: 1
  m_LightProbeUsage: 1
  m_ReflectionProbeUsage: 1
  m_Materials:
  - {fileID: 2100000, guid: 9e995e61de69d8647ae2b2d65eceab3f, type: 2}
  m_SubsetIndices: 
  m_StaticBatchRoot: {fileID: 0}
  m_ProbeAnchor: {fileID: 0}
  m_LightProbeVolumeOverride: {fileID: 0}
  m_ScaleInLightmap: 1
  m_PreserveUVs: 1
  m_IgnoreNormalsForChartDetection: 0
  m_ImportantGI: 0
  m_SelectedWireframeHidden: 0
  m_MinimumChartSize: 4
  m_AutoUVMaxDistance: 0.5
  m_AutoUVMaxAngle: 89
  m_LightmapParameters: {fileID: 0}
  m_SortingLayerID: 0
  m_SortingOrder: 0
--- !u!33 &512159699
MeshFilter:
  m_ObjectHideFlags: 0
  m_PrefabParentObject: {fileID: 33000013733853378, guid: 0fed1a27d96328e4e9ce9f3244b5df3b,
    type: 2}
  m_PrefabInternal: {fileID: 194011823}
  m_GameObject: {fileID: 512159696}
  m_Mesh: {fileID: 10207, guid: 0000000000000000e000000000000000, type: 0}
--- !u!1 &600427105
GameObject:
  m_ObjectHideFlags: 0
  m_PrefabParentObject: {fileID: 1000012847290510, guid: 0fed1a27d96328e4e9ce9f3244b5df3b,
    type: 2}
  m_PrefabInternal: {fileID: 194011823}
  serializedVersion: 4
  m_Component:
  - 4: {fileID: 600427106}
  - 114: {fileID: 600427107}
  m_Layer: 26
  m_Name: ControllerButtonHints
  m_TagString: Untagged
  m_Icon: {fileID: 0}
  m_NavMeshLayer: 0
  m_StaticEditorFlags: 0
  m_IsActive: 1
--- !u!4 &600427106
Transform:
  m_ObjectHideFlags: 0
  m_PrefabParentObject: {fileID: 4000011123332168, guid: 0fed1a27d96328e4e9ce9f3244b5df3b,
    type: 2}
  m_PrefabInternal: {fileID: 194011823}
  m_GameObject: {fileID: 600427105}
  m_LocalRotation: {x: 0, y: 0, z: 0, w: 1}
  m_LocalPosition: {x: 0, y: 0, z: 0}
  m_LocalScale: {x: 1, y: 1, z: 1}
  m_LocalEulerAnglesHint: {x: 0, y: 0, z: 0}
  m_Children: []
  m_Father: {fileID: 1345399290}
  m_RootOrder: 2
--- !u!114 &600427107
MonoBehaviour:
  m_ObjectHideFlags: 0
  m_PrefabParentObject: {fileID: 114000013784252542, guid: 0fed1a27d96328e4e9ce9f3244b5df3b,
    type: 2}
  m_PrefabInternal: {fileID: 194011823}
  m_GameObject: {fileID: 600427105}
  m_Enabled: 1
  m_EditorHideFlags: 0
  m_Script: {fileID: 11500000, guid: ea1001a6626353541ab4d4b39f4c3569, type: 3}
  m_Name: 
  m_EditorClassIdentifier: 
  controllerMaterial: {fileID: 2100000, guid: 11b050e661ec0cf48a289a7266451e91, type: 2}
  flashColor: {r: 1, g: 0.9170069, b: 0.453, a: 0.709}
  textHintPrefab: {fileID: 140952, guid: 5fa42bb9e52706a42b8a1eaf0b54326a, type: 2}
  debugHints: 0
--- !u!1 &639385489
GameObject:
  m_ObjectHideFlags: 0
  m_PrefabParentObject: {fileID: 100002, guid: 46b12845355544642bf8f9d0cb373af7, type: 2}
  m_PrefabInternal: {fileID: 1958589886}
  serializedVersion: 4
  m_Component:
  - 4: {fileID: 868925702}
  - 119: {fileID: 639385490}
  m_Layer: 0
  m_Name: GridProjector
  m_TagString: Untagged
  m_Icon: {fileID: 0}
  m_NavMeshLayer: 0
  m_StaticEditorFlags: 0
  m_IsActive: 1
--- !u!119 &639385490
Projector:
  m_ObjectHideFlags: 0
  m_PrefabParentObject: {fileID: 11900000, guid: 46b12845355544642bf8f9d0cb373af7,
    type: 2}
  m_PrefabInternal: {fileID: 1958589886}
  m_GameObject: {fileID: 639385489}
  m_Enabled: 1
  serializedVersion: 2
  m_NearClipPlane: 0.1
  m_FarClipPlane: 50
  m_FieldOfView: 30
  m_AspectRatio: 1
  m_Orthographic: 1
  m_OrthographicSize: 0.5
  m_Material: {fileID: 2100000, guid: c7d1a73cf0f423947bae4e238665d9c5, type: 2}
  m_IgnoreLayers:
    serializedVersion: 2
    m_Bits: 4294967293
--- !u!4 &868925702
Transform:
  m_ObjectHideFlags: 0
  m_PrefabParentObject: {fileID: 400002, guid: 46b12845355544642bf8f9d0cb373af7, type: 2}
  m_PrefabInternal: {fileID: 1958589886}
  m_GameObject: {fileID: 639385489}
  m_LocalRotation: {x: 0.7071068, y: 0, z: 0, w: 0.7071068}
  m_LocalPosition: {x: 0, y: 1, z: 0}
  m_LocalScale: {x: 0.1, y: 0.10000005, z: 0.10000005}
  m_LocalEulerAnglesHint: {x: 90, y: 0, z: 0}
  m_Children: []
  m_Father: {fileID: 1339429372}
  m_RootOrder: 0
--- !u!1 &895982303
GameObject:
  m_ObjectHideFlags: 0
  m_PrefabParentObject: {fileID: 0}
  m_PrefabInternal: {fileID: 0}
  serializedVersion: 4
  m_Component:
  - 4: {fileID: 895982304}
  - 114: {fileID: 895982305}
  m_Layer: 0
  m_Name: Skybox
  m_TagString: Untagged
  m_Icon: {fileID: 0}
  m_NavMeshLayer: 0
  m_StaticEditorFlags: 0
  m_IsActive: 1
--- !u!4 &895982304
Transform:
  m_ObjectHideFlags: 0
  m_PrefabParentObject: {fileID: 0}
  m_PrefabInternal: {fileID: 0}
  m_GameObject: {fileID: 895982303}
  m_LocalRotation: {x: 0, y: 0, z: 0, w: 1}
  m_LocalPosition: {x: 0, y: 0, z: 0}
  m_LocalScale: {x: 1, y: 1, z: 1}
  m_LocalEulerAnglesHint: {x: 0, y: 0, z: 0}
  m_Children: []
  m_Father: {fileID: 1482163059}
  m_RootOrder: 0
--- !u!114 &895982305
MonoBehaviour:
  m_ObjectHideFlags: 0
  m_PrefabParentObject: {fileID: 0}
  m_PrefabInternal: {fileID: 0}
  m_GameObject: {fileID: 895982303}
  m_Enabled: 1
  m_EditorHideFlags: 0
  m_Script: {fileID: 11500000, guid: ad65a03e2ba19b346ad04e5fcb9723f5, type: 3}
  m_Name: 
  m_EditorClassIdentifier: 
  RotationPerSecond: 1
  _rotate: 1
--- !u!1 &946864426
GameObject:
  m_ObjectHideFlags: 0
  m_PrefabParentObject: {fileID: 1000013824825842, guid: 0fed1a27d96328e4e9ce9f3244b5df3b,
    type: 2}
  m_PrefabInternal: {fileID: 194011823}
  serializedVersion: 4
  m_Component:
  - 4: {fileID: 946864427}
  m_Layer: 0
  m_Name: SteamVRObjects
  m_TagString: Untagged
  m_Icon: {fileID: 0}
  m_NavMeshLayer: 0
  m_StaticEditorFlags: 0
  m_IsActive: 1
--- !u!4 &946864427
Transform:
  m_ObjectHideFlags: 0
  m_PrefabParentObject: {fileID: 4000011447930332, guid: 0fed1a27d96328e4e9ce9f3244b5df3b,
    type: 2}
  m_PrefabInternal: {fileID: 194011823}
  m_GameObject: {fileID: 946864426}
  m_LocalRotation: {x: 0, y: 0, z: 0, w: 1}
  m_LocalPosition: {x: 0, y: 0, z: 0}
  m_LocalScale: {x: 1, y: 1, z: 1}
  m_LocalEulerAnglesHint: {x: 0, y: 0, z: 0}
  m_Children:
  - {fileID: 452980757}
  - {fileID: 1356934358}
  - {fileID: 1036413790}
  - {fileID: 1345399290}
  - {fileID: 1145048329}
  - {fileID: 107971520}
  m_Father: {fileID: 1634348331}
  m_RootOrder: 0
--- !u!1 &1036413788
GameObject:
  m_ObjectHideFlags: 0
  m_PrefabParentObject: {fileID: 1000013732938138, guid: 0fed1a27d96328e4e9ce9f3244b5df3b,
    type: 2}
  m_PrefabInternal: {fileID: 194011823}
  serializedVersion: 4
  m_Component:
  - 4: {fileID: 1036413790}
  - 114: {fileID: 1036413789}
  m_Layer: 26
  m_Name: Hand1
  m_TagString: Untagged
  m_Icon: {fileID: 0}
  m_NavMeshLayer: 0
  m_StaticEditorFlags: 0
  m_IsActive: 1
--- !u!114 &1036413789
MonoBehaviour:
  m_ObjectHideFlags: 0
  m_PrefabParentObject: {fileID: 114000012937411902, guid: 0fed1a27d96328e4e9ce9f3244b5df3b,
    type: 2}
  m_PrefabInternal: {fileID: 194011823}
  m_GameObject: {fileID: 1036413788}
  m_Enabled: 1
  m_EditorHideFlags: 0
  m_Script: {fileID: 11500000, guid: 29e3e4511966ba94d8ba0b98c6c62f82, type: 3}
  m_Name: 
  m_EditorClassIdentifier: 
  otherHand: {fileID: 1345399291}
  startingHandType: 2
  hoverSphereTransform: {fileID: 0}
  hoverSphereRadius: 0.05
  hoverLayerMask:
    serializedVersion: 2
    m_Bits: 4294967295
  hoverUpdateInterval: 0.1
  noSteamVRFallbackCamera: {fileID: 0}
  noSteamVRFallbackMaxDistanceNoItem: 10
  noSteamVRFallbackMaxDistanceWithItem: 0.5
  controllerPrefab: {fileID: 168468, guid: 3f39fc63a93686e4a8e9168ee73f24d9, type: 2}
  showDebugText: 0
  spewDebugText: 0
--- !u!4 &1036413790
Transform:
  m_ObjectHideFlags: 0
  m_PrefabParentObject: {fileID: 4000010716954544, guid: 0fed1a27d96328e4e9ce9f3244b5df3b,
    type: 2}
  m_PrefabInternal: {fileID: 194011823}
  m_GameObject: {fileID: 1036413788}
  m_LocalRotation: {x: 0, y: 0, z: 0, w: 1}
  m_LocalPosition: {x: -0.25, y: 1, z: 0}
  m_LocalScale: {x: 1, y: 1, z: 1}
  m_LocalEulerAnglesHint: {x: 0, y: 0, z: 0}
  m_Children:
  - {fileID: 1592991965}
  - {fileID: 131379007}
  - {fileID: 2038856288}
  m_Father: {fileID: 946864427}
  m_RootOrder: 2
--- !u!1 &1056863732
GameObject:
  m_ObjectHideFlags: 0
  m_PrefabParentObject: {fileID: 1000012649762016, guid: 0fed1a27d96328e4e9ce9f3244b5df3b,
    type: 2}
  m_PrefabInternal: {fileID: 194011823}
  serializedVersion: 4
  m_Component:
  - 4: {fileID: 1056863733}
  - 20: {fileID: 1056863738}
  - 92: {fileID: 1056863737}
  - 132: {fileID: 1056863736}
  - 114: {fileID: 1056863735}
  - 114: {fileID: 1056863734}
  m_Layer: 8
  m_Name: _Stats
  m_TagString: Untagged
  m_Icon: {fileID: 0}
  m_NavMeshLayer: 0
  m_StaticEditorFlags: 0
  m_IsActive: 1
--- !u!4 &1056863733
Transform:
  m_ObjectHideFlags: 0
  m_PrefabParentObject: {fileID: 4000013179871272, guid: 0fed1a27d96328e4e9ce9f3244b5df3b,
    type: 2}
  m_PrefabInternal: {fileID: 194011823}
  m_GameObject: {fileID: 1056863732}
  m_LocalRotation: {x: 0, y: 0, z: 0, w: 1}
  m_LocalPosition: {x: 0.1, y: 0.75, z: 0}
  m_LocalScale: {x: 1, y: 1, z: 1}
  m_LocalEulerAnglesHint: {x: 0, y: 0, z: 0}
  m_Children: []
  m_Father: {fileID: 107971520}
  m_RootOrder: 0
--- !u!114 &1056863734
MonoBehaviour:
  m_ObjectHideFlags: 0
  m_PrefabParentObject: {fileID: 114000013948005330, guid: 0fed1a27d96328e4e9ce9f3244b5df3b,
    type: 2}
  m_PrefabInternal: {fileID: 194011823}
  m_GameObject: {fileID: 1056863732}
  m_Enabled: 1
  m_EditorHideFlags: 0
  m_Script: {fileID: 11500000, guid: e7afc8c74d1f73b458705e0b946292a0, type: 3}
  m_Name: 
  m_EditorClassIdentifier: 
  cursor: {fileID: 2800000, guid: 2db89a771043d7b4eb9d26622f6b97c7, type: 3}
  background: {fileID: 2800000, guid: bb00cc87e146a414fbf2c4d3c0d31151, type: 3}
  logo: {fileID: 2800000, guid: 09db43b3b77bf744287ba587fea02f8b, type: 3}
  logoHeight: 340
  menuOffset: 40
  scaleLimits: {x: 0.1, y: 5}
  scaleRate: 0.5
--- !u!114 &1056863735
MonoBehaviour:
  m_ObjectHideFlags: 0
  m_PrefabParentObject: {fileID: 114000010475827044, guid: 0fed1a27d96328e4e9ce9f3244b5df3b,
    type: 2}
  m_PrefabInternal: {fileID: 194011823}
  m_GameObject: {fileID: 1056863732}
  m_Enabled: 1
  m_EditorHideFlags: 0
  m_Script: {fileID: 11500000, guid: 8c3faa610c019764a81eb8497109e2d4, type: 3}
  m_Name: 
  m_EditorClassIdentifier: 
  text: {fileID: 0}
  fadeColor: {r: 0, g: 0, b: 0, a: 1}
  fadeDuration: 1
--- !u!132 &1056863736
GUIText:
  m_ObjectHideFlags: 0
  m_PrefabParentObject: {fileID: 132000010809637270, guid: 0fed1a27d96328e4e9ce9f3244b5df3b,
    type: 2}
  m_PrefabInternal: {fileID: 194011823}
  m_GameObject: {fileID: 1056863732}
  m_Enabled: 1
  serializedVersion: 3
  m_Text: 
  m_Anchor: 0
  m_Alignment: 0
  m_PixelOffset: {x: 0, y: 0}
  m_LineSpacing: 1
  m_TabSize: 4
  m_Font: {fileID: 10102, guid: 0000000000000000e000000000000000, type: 0}
  m_Material: {fileID: 0}
  m_FontSize: 32
  m_FontStyle: 1
  m_Color:
    serializedVersion: 2
    rgba: 4278221311
  m_PixelCorrect: 1
  m_RichText: 1
--- !u!92 &1056863737
Behaviour:
  m_ObjectHideFlags: 0
  m_PrefabParentObject: {fileID: 92000014084088422, guid: 0fed1a27d96328e4e9ce9f3244b5df3b,
    type: 2}
  m_PrefabInternal: {fileID: 194011823}
  m_GameObject: {fileID: 1056863732}
  m_Enabled: 1
--- !u!20 &1056863738
Camera:
  m_ObjectHideFlags: 0
  m_PrefabParentObject: {fileID: 20000014163953870, guid: 0fed1a27d96328e4e9ce9f3244b5df3b,
    type: 2}
  m_PrefabInternal: {fileID: 194011823}
  m_GameObject: {fileID: 1056863732}
  m_Enabled: 1
  serializedVersion: 2
  m_ClearFlags: 2
  m_BackGroundColor: {r: 0, g: 0, b: 0, a: 0}
  m_NormalizedViewPortRect:
    serializedVersion: 2
    x: 0
    y: 0
    width: 1
    height: 1
  near clip plane: 0.3
  far clip plane: 1000
  field of view: 60
  orthographic: 0
  orthographic size: 5
  m_Depth: -1
  m_CullingMask:
    serializedVersion: 2
    m_Bits: 256
  m_RenderingPath: -1
  m_TargetTexture: {fileID: 8400000, guid: 005ed5a6df2f5ff468efd6497d37fefa, type: 2}
  m_TargetDisplay: 0
  m_TargetEye: 3
  m_HDR: 0
  m_OcclusionCulling: 0
  m_StereoConvergence: 10
  m_StereoSeparation: 0.022
  m_StereoMirrorMode: 0
--- !u!1 &1090670909
GameObject:
  m_ObjectHideFlags: 0
  m_PrefabParentObject: {fileID: 0}
  m_PrefabInternal: {fileID: 0}
  serializedVersion: 4
  m_Component:
  - 4: {fileID: 1090670910}
  - 114: {fileID: 1090670911}
  - 114: {fileID: 1090670912}
  m_Layer: 0
  m_Name: Grid
  m_TagString: Untagged
  m_Icon: {fileID: 0}
  m_NavMeshLayer: 0
  m_StaticEditorFlags: 0
  m_IsActive: 1
--- !u!4 &1090670910
Transform:
  m_ObjectHideFlags: 0
  m_PrefabParentObject: {fileID: 0}
  m_PrefabInternal: {fileID: 0}
  m_GameObject: {fileID: 1090670909}
  m_LocalRotation: {x: 0, y: 0, z: 0, w: 1}
  m_LocalPosition: {x: -79.5, y: 0.1, z: -79.5}
  m_LocalScale: {x: 1, y: 1, z: 1}
  m_LocalEulerAnglesHint: {x: 0, y: 0, z: 0}
  m_Children: []
  m_Father: {fileID: 1361708078}
  m_RootOrder: 0
--- !u!114 &1090670911
MonoBehaviour:
  m_ObjectHideFlags: 0
  m_PrefabParentObject: {fileID: 0}
  m_PrefabInternal: {fileID: 0}
  m_GameObject: {fileID: 1090670909}
  m_Enabled: 1
  m_EditorHideFlags: 0
  m_Script: {fileID: 11500000, guid: e5e92d20622acc04cb5b034592b7ca0a, type: 3}
  m_Name: 
  m_EditorClassIdentifier: 
--- !u!114 &1090670912
MonoBehaviour:
  m_ObjectHideFlags: 0
  m_PrefabParentObject: {fileID: 0}
  m_PrefabInternal: {fileID: 0}
  m_GameObject: {fileID: 1090670909}
  m_Enabled: 1
  m_EditorHideFlags: 0
  m_Script: {fileID: 11500000, guid: 7de41d7ac88bb4d4c84282a1f9611cb4, type: 3}
  m_Name: 
  m_EditorClassIdentifier: 
  cell: {fileID: 114000013300215800, guid: d117ba82b2c187844ad0bbbe04f1011f, type: 2}
  rows: 160
  cols: 160
--- !u!1 &1145048328
GameObject:
  m_ObjectHideFlags: 0
  m_PrefabParentObject: {fileID: 1000010014881002, guid: 0fed1a27d96328e4e9ce9f3244b5df3b,
    type: 2}
  m_PrefabInternal: {fileID: 194011823}
  serializedVersion: 4
  m_Component:
  - 4: {fileID: 1145048329}
  - 20: {fileID: 1145048334}
  - 114: {fileID: 1145048333}
  - 92: {fileID: 1145048332}
  - 124: {fileID: 1145048331}
  - 114: {fileID: 1145048330}
  m_Layer: 0
  m_Name: VRCamera
  m_TagString: MainCamera
  m_Icon: {fileID: 0}
  m_NavMeshLayer: 0
  m_StaticEditorFlags: 0
  m_IsActive: 1
--- !u!4 &1145048329
Transform:
  m_ObjectHideFlags: 0
  m_PrefabParentObject: {fileID: 4000011629837544, guid: 0fed1a27d96328e4e9ce9f3244b5df3b,
    type: 2}
  m_PrefabInternal: {fileID: 194011823}
  m_GameObject: {fileID: 1145048328}
  m_LocalRotation: {x: 0, y: 0, z: 0, w: 1}
  m_LocalPosition: {x: 0, y: 0, z: 0}
  m_LocalScale: {x: 1, y: 1, z: 1}
  m_LocalEulerAnglesHint: {x: 0, y: 0, z: 0}
  m_Children: []
  m_Father: {fileID: 946864427}
  m_RootOrder: 4
--- !u!114 &1145048330
MonoBehaviour:
  m_ObjectHideFlags: 0
  m_PrefabParentObject: {fileID: 114000010249189044, guid: 0fed1a27d96328e4e9ce9f3244b5df3b,
    type: 2}
  m_PrefabInternal: {fileID: 194011823}
  m_GameObject: {fileID: 1145048328}
  m_Enabled: 1
  m_EditorHideFlags: 0
  m_Script: {fileID: 11500000, guid: 6bca9ccf900ccc84c887d783321d27e2, type: 3}
  m_Name: 
  m_EditorClassIdentifier: 
  _head: {fileID: 1145048329}
  _ears: {fileID: 0}
  wireframe: 0
--- !u!124 &1145048331
Behaviour:
  m_ObjectHideFlags: 0
  m_PrefabParentObject: {fileID: 124000013433275694, guid: 0fed1a27d96328e4e9ce9f3244b5df3b,
    type: 2}
  m_PrefabInternal: {fileID: 194011823}
  m_GameObject: {fileID: 1145048328}
  m_Enabled: 1
--- !u!92 &1145048332
Behaviour:
  m_ObjectHideFlags: 0
  m_PrefabParentObject: {fileID: 92000014288161226, guid: 0fed1a27d96328e4e9ce9f3244b5df3b,
    type: 2}
  m_PrefabInternal: {fileID: 194011823}
  m_GameObject: {fileID: 1145048328}
  m_Enabled: 1
--- !u!114 &1145048333
MonoBehaviour:
  m_ObjectHideFlags: 0
  m_PrefabParentObject: {fileID: 114000014055375404, guid: 0fed1a27d96328e4e9ce9f3244b5df3b,
    type: 2}
  m_PrefabInternal: {fileID: 194011823}
  m_GameObject: {fileID: 1145048328}
  m_Enabled: 1
  m_EditorHideFlags: 0
  m_Script: {fileID: 11500000, guid: 2ad1e469d4e3e04489f9a36419f1a4f8, type: 3}
  m_Name: 
  m_EditorClassIdentifier: 
--- !u!20 &1145048334
Camera:
  m_ObjectHideFlags: 0
  m_PrefabParentObject: {fileID: 20000013036761806, guid: 0fed1a27d96328e4e9ce9f3244b5df3b,
    type: 2}
  m_PrefabInternal: {fileID: 194011823}
  m_GameObject: {fileID: 1145048328}
  m_Enabled: 1
  serializedVersion: 2
  m_ClearFlags: 1
  m_BackGroundColor: {r: 0.028762981, g: 0.05902014, b: 0.1397059, a: 1}
  m_NormalizedViewPortRect:
    serializedVersion: 2
    x: 0
    y: 0
    width: 1
    height: 1
  near clip plane: 0.05
  far clip plane: 300
  field of view: 60
  orthographic: 0
  orthographic size: 5
  m_Depth: -1
  m_CullingMask:
    serializedVersion: 2
    m_Bits: 4160749567
  m_RenderingPath: -1
  m_TargetTexture: {fileID: 0}
  m_TargetDisplay: 0
  m_TargetEye: 3
  m_HDR: 0
  m_OcclusionCulling: 1
  m_StereoConvergence: 10
  m_StereoSeparation: 0.022
  m_StereoMirrorMode: 0
--- !u!1 &1189359952
GameObject:
  m_ObjectHideFlags: 0
  m_PrefabParentObject: {fileID: 1000013964230710, guid: 0fed1a27d96328e4e9ce9f3244b5df3b,
    type: 2}
  m_PrefabInternal: {fileID: 194011823}
  serializedVersion: 4
  m_Component:
  - 4: {fileID: 1189359953}
  - 114: {fileID: 1189359954}
  m_Layer: 8
  m_Name: Overlay
  m_TagString: Untagged
  m_Icon: {fileID: 0}
  m_NavMeshLayer: 0
  m_StaticEditorFlags: 0
  m_IsActive: 1
--- !u!4 &1189359953
Transform:
  m_ObjectHideFlags: 0
  m_PrefabParentObject: {fileID: 4000012151936316, guid: 0fed1a27d96328e4e9ce9f3244b5df3b,
    type: 2}
  m_PrefabInternal: {fileID: 194011823}
  m_GameObject: {fileID: 1189359952}
  m_LocalRotation: {x: 0, y: 0, z: 0, w: 1}
  m_LocalPosition: {x: 0, y: 0, z: 0}
  m_LocalScale: {x: 1, y: 1, z: 1}
  m_LocalEulerAnglesHint: {x: 0, y: 0, z: 0}
  m_Children: []
  m_Father: {fileID: 107971520}
  m_RootOrder: 1
--- !u!114 &1189359954
MonoBehaviour:
  m_ObjectHideFlags: 0
  m_PrefabParentObject: {fileID: 114000010778334598, guid: 0fed1a27d96328e4e9ce9f3244b5df3b,
    type: 2}
  m_PrefabInternal: {fileID: 194011823}
  m_GameObject: {fileID: 1189359952}
  m_Enabled: 1
  m_EditorHideFlags: 0
  m_Script: {fileID: 11500000, guid: 46fe9e0b23166454c8cb73040321d78c, type: 3}
  m_Name: 
  m_EditorClassIdentifier: 
  texture: {fileID: 8400000, guid: 005ed5a6df2f5ff468efd6497d37fefa, type: 2}
  curved: 1
  antialias: 1
  highquality: 1
  scale: 3
  distance: 1.25
  alpha: 1
  uvOffset: {x: 0, y: 0, z: 1, w: 1}
  mouseScale: {x: 1, y: 1}
  curvedRange: {x: 1, y: 2}
  inputMethod: 0
--- !u!1 &1226227802
GameObject:
  m_ObjectHideFlags: 0
  m_PrefabParentObject: {fileID: 1000010992232544, guid: 0fed1a27d96328e4e9ce9f3244b5df3b,
    type: 2}
  m_PrefabInternal: {fileID: 194011823}
  serializedVersion: 4
  m_Component:
  - 4: {fileID: 1226227803}
  - 23: {fileID: 1226227806}
  - 33: {fileID: 1226227805}
  - 114: {fileID: 1226227804}
  m_Layer: 0
  m_Name: PlayVolume
  m_TagString: Untagged
  m_Icon: {fileID: 0}
  m_NavMeshLayer: 0
  m_StaticEditorFlags: 0
  m_IsActive: 0
--- !u!4 &1226227803
Transform:
  m_ObjectHideFlags: 0
  m_PrefabParentObject: {fileID: 4000013856232982, guid: 0fed1a27d96328e4e9ce9f3244b5df3b,
    type: 2}
  m_PrefabInternal: {fileID: 194011823}
  m_GameObject: {fileID: 1226227802}
  m_LocalRotation: {x: 0, y: 0, z: 0, w: 1}
  m_LocalPosition: {x: 0, y: 0, z: 0}
  m_LocalScale: {x: 1, y: 1, z: 1}
  m_LocalEulerAnglesHint: {x: 0, y: 0, z: 0}
  m_Children: []
  m_Father: {fileID: 1634348331}
  m_RootOrder: 4
--- !u!114 &1226227804
MonoBehaviour:
  m_ObjectHideFlags: 0
  m_PrefabParentObject: {fileID: 114000013625613836, guid: 0fed1a27d96328e4e9ce9f3244b5df3b,
    type: 2}
  m_PrefabInternal: {fileID: 194011823}
  m_GameObject: {fileID: 1226227802}
  m_Enabled: 0
  m_EditorHideFlags: 0
  m_Script: {fileID: 11500000, guid: 1f0522eaef74d984591c060d05a095c8, type: 3}
  m_Name: 
  m_EditorClassIdentifier: 
  borderThickness: -0.07
  wireframeHeight: 2
  drawWireframeWhenSelectedOnly: 0
  drawInGame: 1
  size: 0
  color: {r: 0, g: 1, b: 1, a: 0.922}
  vertices:
  - {x: 1.0000002, y: 0.01, z: -1.0000002}
  - {x: -1.0000002, y: 0.01, z: -1.0000002}
  - {x: -1.0000002, y: 0.01, z: 1.0000002}
  - {x: 1.0000002, y: 0.01, z: 1.0000002}
  - {x: 0.93000025, y: 0.01, z: -0.93000025}
  - {x: -0.93000025, y: 0.01, z: -0.93000025}
  - {x: -0.93000025, y: 0.01, z: 0.93000025}
  - {x: 0.93000025, y: 0.01, z: 0.93000025}
--- !u!33 &1226227805
MeshFilter:
  m_ObjectHideFlags: 0
  m_PrefabParentObject: {fileID: 33000013680939994, guid: 0fed1a27d96328e4e9ce9f3244b5df3b,
    type: 2}
  m_PrefabInternal: {fileID: 194011823}
  m_GameObject: {fileID: 1226227802}
  m_Mesh: {fileID: 0}
--- !u!23 &1226227806
MeshRenderer:
  m_ObjectHideFlags: 0
  m_PrefabParentObject: {fileID: 23000012733198344, guid: 0fed1a27d96328e4e9ce9f3244b5df3b,
    type: 2}
  m_PrefabInternal: {fileID: 194011823}
  m_GameObject: {fileID: 1226227802}
  m_Enabled: 1
  m_CastShadows: 0
  m_ReceiveShadows: 0
  m_MotionVectors: 1
  m_LightProbeUsage: 0
  m_ReflectionProbeUsage: 0
  m_Materials:
  - {fileID: 10754, guid: 0000000000000000f000000000000000, type: 0}
  m_SubsetIndices: 
  m_StaticBatchRoot: {fileID: 0}
  m_ProbeAnchor: {fileID: 0}
  m_LightProbeVolumeOverride: {fileID: 0}
  m_ScaleInLightmap: 1
  m_PreserveUVs: 0
  m_IgnoreNormalsForChartDetection: 0
  m_ImportantGI: 0
  m_SelectedWireframeHidden: 0
  m_MinimumChartSize: 4
  m_AutoUVMaxDistance: 0.5
  m_AutoUVMaxAngle: 89
  m_LightmapParameters: {fileID: 0}
  m_SortingLayerID: 0
  m_SortingOrder: 0
--- !u!1 &1339429371
GameObject:
  m_ObjectHideFlags: 0
  m_PrefabParentObject: {fileID: 0}
  m_PrefabInternal: {fileID: 0}
  serializedVersion: 4
  m_Component:
  - 4: {fileID: 1339429372}
  - 33: {fileID: 1339429375}
  - 64: {fileID: 1339429374}
  - 23: {fileID: 1339429373}
  m_Layer: 1
  m_Name: FloorStage
  m_TagString: Untagged
  m_Icon: {fileID: 0}
  m_NavMeshLayer: 0
  m_StaticEditorFlags: 0
  m_IsActive: 1
--- !u!4 &1339429372
Transform:
  m_ObjectHideFlags: 0
  m_PrefabParentObject: {fileID: 0}
  m_PrefabInternal: {fileID: 0}
  m_GameObject: {fileID: 1339429371}
  m_LocalRotation: {x: -0, y: -0, z: -0, w: 1}
  m_LocalPosition: {x: 0, y: 0.05, z: 0}
  m_LocalScale: {x: 16, y: 16, z: 16}
  m_LocalEulerAnglesHint: {x: 0, y: 0, z: 0}
  m_Children:
  - {fileID: 868925702}
  m_Father: {fileID: 1482163059}
  m_RootOrder: 1
--- !u!23 &1339429373
MeshRenderer:
  m_ObjectHideFlags: 0
  m_PrefabParentObject: {fileID: 0}
  m_PrefabInternal: {fileID: 0}
  m_GameObject: {fileID: 1339429371}
  m_Enabled: 1
  m_CastShadows: 0
  m_ReceiveShadows: 1
  m_MotionVectors: 1
  m_LightProbeUsage: 1
  m_ReflectionProbeUsage: 1
  m_Materials:
  - {fileID: 2100000, guid: 4d10c8e8b93f58d4b84fd73dfbeff908, type: 2}
  m_SubsetIndices: 
  m_StaticBatchRoot: {fileID: 0}
  m_ProbeAnchor: {fileID: 0}
  m_LightProbeVolumeOverride: {fileID: 0}
  m_ScaleInLightmap: 1
  m_PreserveUVs: 1
  m_IgnoreNormalsForChartDetection: 0
  m_ImportantGI: 0
  m_SelectedWireframeHidden: 0
  m_MinimumChartSize: 4
  m_AutoUVMaxDistance: 0.5
  m_AutoUVMaxAngle: 89
  m_LightmapParameters: {fileID: 0}
  m_SortingLayerID: 0
  m_SortingOrder: 0
--- !u!64 &1339429374
MeshCollider:
  m_ObjectHideFlags: 0
  m_PrefabParentObject: {fileID: 0}
  m_PrefabInternal: {fileID: 0}
  m_GameObject: {fileID: 1339429371}
  m_Material: {fileID: 0}
  m_IsTrigger: 0
  m_Enabled: 0
  serializedVersion: 2
  m_Convex: 0
  m_Mesh: {fileID: 10209, guid: 0000000000000000e000000000000000, type: 0}
--- !u!33 &1339429375
MeshFilter:
  m_ObjectHideFlags: 0
  m_PrefabParentObject: {fileID: 0}
  m_PrefabInternal: {fileID: 0}
  m_GameObject: {fileID: 1339429371}
  m_Mesh: {fileID: 10209, guid: 0000000000000000e000000000000000, type: 0}
--- !u!1 &1345399289
GameObject:
  m_ObjectHideFlags: 0
  m_PrefabParentObject: {fileID: 1000013770186492, guid: 0fed1a27d96328e4e9ce9f3244b5df3b,
    type: 2}
  m_PrefabInternal: {fileID: 194011823}
  serializedVersion: 4
  m_Component:
  - 4: {fileID: 1345399290}
  - 114: {fileID: 1345399291}
  m_Layer: 26
  m_Name: Hand2
  m_TagString: Untagged
  m_Icon: {fileID: 0}
  m_NavMeshLayer: 0
  m_StaticEditorFlags: 0
  m_IsActive: 1
--- !u!4 &1345399290
Transform:
  m_ObjectHideFlags: 0
  m_PrefabParentObject: {fileID: 4000010356526864, guid: 0fed1a27d96328e4e9ce9f3244b5df3b,
    type: 2}
  m_PrefabInternal: {fileID: 194011823}
  m_GameObject: {fileID: 1345399289}
  m_LocalRotation: {x: 0, y: 0, z: 0, w: 1}
  m_LocalPosition: {x: 0.25, y: 1, z: 0}
  m_LocalScale: {x: 1, y: 1, z: 1}
  m_LocalEulerAnglesHint: {x: 0, y: 0, z: 0}
  m_Children:
  - {fileID: 350047784}
  - {fileID: 1859471930}
  - {fileID: 600427106}
  m_Father: {fileID: 946864427}
  m_RootOrder: 3
--- !u!114 &1345399291
MonoBehaviour:
  m_ObjectHideFlags: 0
  m_PrefabParentObject: {fileID: 114000013033412594, guid: 0fed1a27d96328e4e9ce9f3244b5df3b,
    type: 2}
  m_PrefabInternal: {fileID: 194011823}
  m_GameObject: {fileID: 1345399289}
  m_Enabled: 1
  m_EditorHideFlags: 0
  m_Script: {fileID: 11500000, guid: 29e3e4511966ba94d8ba0b98c6c62f82, type: 3}
  m_Name: 
  m_EditorClassIdentifier: 
  otherHand: {fileID: 1036413789}
  startingHandType: 2
  hoverSphereTransform: {fileID: 0}
  hoverSphereRadius: 0.05
  hoverLayerMask:
    serializedVersion: 2
    m_Bits: 4294967295
  hoverUpdateInterval: 0.1
  noSteamVRFallbackCamera: {fileID: 0}
  noSteamVRFallbackMaxDistanceNoItem: 10
  noSteamVRFallbackMaxDistanceWithItem: 0.5
  controllerPrefab: {fileID: 168468, guid: 3f39fc63a93686e4a8e9168ee73f24d9, type: 2}
  showDebugText: 0
  spewDebugText: 0
--- !u!1 &1356934357
GameObject:
  m_ObjectHideFlags: 0
  m_PrefabParentObject: {fileID: 1000010259804486, guid: 0fed1a27d96328e4e9ce9f3244b5df3b,
    type: 2}
  m_PrefabInternal: {fileID: 194011823}
  serializedVersion: 4
  m_Component:
  - 4: {fileID: 1356934358}
  - 114: {fileID: 1356934359}
  m_Layer: 0
  m_Name: '[SteamVR]'
  m_TagString: Untagged
  m_Icon: {fileID: 0}
  m_NavMeshLayer: 0
  m_StaticEditorFlags: 0
  m_IsActive: 1
--- !u!4 &1356934358
Transform:
  m_ObjectHideFlags: 0
  m_PrefabParentObject: {fileID: 4000012044665346, guid: 0fed1a27d96328e4e9ce9f3244b5df3b,
    type: 2}
  m_PrefabInternal: {fileID: 194011823}
  m_GameObject: {fileID: 1356934357}
  m_LocalRotation: {x: 0, y: 0, z: 0, w: 1}
  m_LocalPosition: {x: 0, y: 0, z: 0}
  m_LocalScale: {x: 1, y: 1, z: 1}
  m_LocalEulerAnglesHint: {x: 0, y: 0, z: 0}
  m_Children: []
  m_Father: {fileID: 946864427}
  m_RootOrder: 1
--- !u!114 &1356934359
MonoBehaviour:
  m_ObjectHideFlags: 0
  m_PrefabParentObject: {fileID: 114000013617517842, guid: 0fed1a27d96328e4e9ce9f3244b5df3b,
    type: 2}
  m_PrefabInternal: {fileID: 194011823}
  m_GameObject: {fileID: 1356934357}
  m_Enabled: 1
  m_EditorHideFlags: 0
  m_Script: {fileID: 11500000, guid: e979227f3384fac4b8ca0b3550bf005c, type: 3}
  m_Name: 
  m_EditorClassIdentifier: 
  pauseGameWhenDashboardIsVisible: 1
  lockPhysicsUpdateRateToRenderFrequency: 1
  externalCamera: {fileID: 0}
  externalCameraConfigPath: externalcamera.cfg
  trackingSpace: 1
--- !u!1 &1361708077
GameObject:
  m_ObjectHideFlags: 0
  m_PrefabParentObject: {fileID: 0}
  m_PrefabInternal: {fileID: 0}
  serializedVersion: 4
  m_Component:
  - 4: {fileID: 1361708078}
  m_Layer: 0
  m_Name: '[Stage]'
  m_TagString: Untagged
  m_Icon: {fileID: 0}
  m_NavMeshLayer: 0
  m_StaticEditorFlags: 0
  m_IsActive: 1
--- !u!4 &1361708078
Transform:
  m_ObjectHideFlags: 0
  m_PrefabParentObject: {fileID: 0}
  m_PrefabInternal: {fileID: 0}
  m_GameObject: {fileID: 1361708077}
  m_LocalRotation: {x: 0, y: 0, z: 0, w: 1}
  m_LocalPosition: {x: 0, y: 0, z: 0}
  m_LocalScale: {x: 1, y: 1, z: 1}
  m_LocalEulerAnglesHint: {x: 0, y: 0, z: 0}
  m_Children:
  - {fileID: 1090670910}
  m_Father: {fileID: 0}
  m_RootOrder: 2
--- !u!1 &1476729937
GameObject:
  m_ObjectHideFlags: 0
  m_PrefabParentObject: {fileID: 0}
  m_PrefabInternal: {fileID: 0}
  serializedVersion: 4
  m_Component:
  - 4: {fileID: 1476729938}
  - 33: {fileID: 1476729941}
  - 64: {fileID: 1476729940}
  - 23: {fileID: 1476729939}
  m_Layer: 0
  m_Name: Floor
  m_TagString: Untagged
  m_Icon: {fileID: 0}
  m_NavMeshLayer: 0
  m_StaticEditorFlags: 0
  m_IsActive: 1
--- !u!4 &1476729938
Transform:
  m_ObjectHideFlags: 0
  m_PrefabParentObject: {fileID: 0}
  m_PrefabInternal: {fileID: 0}
  m_GameObject: {fileID: 1476729937}
  m_LocalRotation: {x: 0, y: 0, z: 0, w: 1}
  m_LocalPosition: {x: 0, y: 0, z: 0}
  m_LocalScale: {x: 20, y: 20, z: 20}
  m_LocalEulerAnglesHint: {x: 0, y: 0, z: 0}
  m_Children: []
  m_Father: {fileID: 1482163059}
  m_RootOrder: 3
--- !u!23 &1476729939
MeshRenderer:
  m_ObjectHideFlags: 0
  m_PrefabParentObject: {fileID: 0}
  m_PrefabInternal: {fileID: 0}
  m_GameObject: {fileID: 1476729937}
  m_Enabled: 1
  m_CastShadows: 1
  m_ReceiveShadows: 1
  m_MotionVectors: 1
  m_LightProbeUsage: 1
  m_ReflectionProbeUsage: 1
  m_Materials:
  - {fileID: 2100000, guid: d9e23ba90ced23542a481acb41025bb3, type: 2}
  m_SubsetIndices: 
  m_StaticBatchRoot: {fileID: 0}
  m_ProbeAnchor: {fileID: 0}
  m_LightProbeVolumeOverride: {fileID: 0}
  m_ScaleInLightmap: 1
  m_PreserveUVs: 1
  m_IgnoreNormalsForChartDetection: 0
  m_ImportantGI: 0
  m_SelectedWireframeHidden: 0
  m_MinimumChartSize: 4
  m_AutoUVMaxDistance: 0.5
  m_AutoUVMaxAngle: 89
  m_LightmapParameters: {fileID: 0}
  m_SortingLayerID: 0
  m_SortingOrder: 0
--- !u!64 &1476729940
MeshCollider:
  m_ObjectHideFlags: 0
  m_PrefabParentObject: {fileID: 0}
  m_PrefabInternal: {fileID: 0}
  m_GameObject: {fileID: 1476729937}
  m_Material: {fileID: 0}
  m_IsTrigger: 0
  m_Enabled: 1
  serializedVersion: 2
  m_Convex: 0
  m_Mesh: {fileID: 10209, guid: 0000000000000000e000000000000000, type: 0}
--- !u!33 &1476729941
MeshFilter:
  m_ObjectHideFlags: 0
  m_PrefabParentObject: {fileID: 0}
  m_PrefabInternal: {fileID: 0}
  m_GameObject: {fileID: 1476729937}
  m_Mesh: {fileID: 10209, guid: 0000000000000000e000000000000000, type: 0}
--- !u!1 &1482163058
GameObject:
  m_ObjectHideFlags: 0
  m_PrefabParentObject: {fileID: 0}
  m_PrefabInternal: {fileID: 0}
  serializedVersion: 4
  m_Component:
  - 4: {fileID: 1482163059}
  m_Layer: 0
  m_Name: '[Environment]'
  m_TagString: Untagged
  m_Icon: {fileID: 0}
  m_NavMeshLayer: 0
  m_StaticEditorFlags: 0
  m_IsActive: 1
--- !u!4 &1482163059
Transform:
  m_ObjectHideFlags: 0
  m_PrefabParentObject: {fileID: 0}
  m_PrefabInternal: {fileID: 0}
  m_GameObject: {fileID: 1482163058}
  m_LocalRotation: {x: 0, y: 0, z: 0, w: 1}
  m_LocalPosition: {x: 0, y: 0, z: 0}
  m_LocalScale: {x: 1, y: 1, z: 1}
  m_LocalEulerAnglesHint: {x: 0, y: 0, z: 0}
  m_Children:
  - {fileID: 895982304}
  - {fileID: 1339429372}
  - {fileID: 1650149058}
  - {fileID: 1476729938}
  - {fileID: 57855973}
  m_Father: {fileID: 0}
  m_RootOrder: 0
--- !u!1 &1529303113
GameObject:
  m_ObjectHideFlags: 0
  m_PrefabParentObject: {fileID: 0}
  m_PrefabInternal: {fileID: 0}
  serializedVersion: 4
  m_Component:
  - 4: {fileID: 1529303114}
  m_Layer: 0
  m_Name: '[Player]'
  m_TagString: Untagged
  m_Icon: {fileID: 0}
  m_NavMeshLayer: 0
  m_StaticEditorFlags: 0
  m_IsActive: 1
--- !u!4 &1529303114
Transform:
  m_ObjectHideFlags: 0
  m_PrefabParentObject: {fileID: 0}
  m_PrefabInternal: {fileID: 0}
  m_GameObject: {fileID: 1529303113}
  m_LocalRotation: {x: 0, y: 0, z: 0, w: 1}
  m_LocalPosition: {x: 0, y: 0, z: 0}
  m_LocalScale: {x: 1, y: 1, z: 1}
  m_LocalEulerAnglesHint: {x: 0, y: 0, z: 0}
  m_Children:
  - {fileID: 1634348331}
  m_Father: {fileID: 0}
  m_RootOrder: 1
--- !u!1 &1534608195
GameObject:
  m_ObjectHideFlags: 0
  m_PrefabParentObject: {fileID: 1000011299871240, guid: 0fed1a27d96328e4e9ce9f3244b5df3b,
    type: 2}
  m_PrefabInternal: {fileID: 194011823}
  serializedVersion: 4
  m_Component:
  - 4: {fileID: 1534608196}
  - 135: {fileID: 1534608198}
  - 54: {fileID: 1534608197}
  m_Layer: 26
  m_Name: HeadCollider
  m_TagString: Untagged
  m_Icon: {fileID: 0}
  m_NavMeshLayer: 0
  m_StaticEditorFlags: 0
  m_IsActive: 1
--- !u!4 &1534608196
Transform:
  m_ObjectHideFlags: 0
  m_PrefabParentObject: {fileID: 4000011606158856, guid: 0fed1a27d96328e4e9ce9f3244b5df3b,
    type: 2}
  m_PrefabInternal: {fileID: 194011823}
  m_GameObject: {fileID: 1534608195}
  m_LocalRotation: {x: 0, y: 0, z: 0, w: 1}
  m_LocalPosition: {x: 0, y: 0, z: 0}
  m_LocalScale: {x: 1, y: 1, z: 1}
  m_LocalEulerAnglesHint: {x: 0, y: 0, z: 0}
  m_Children: []
  m_Father: {fileID: 1642985384}
  m_RootOrder: 0
--- !u!54 &1534608197
Rigidbody:
  m_ObjectHideFlags: 0
  m_PrefabParentObject: {fileID: 54000012331466754, guid: 0fed1a27d96328e4e9ce9f3244b5df3b,
    type: 2}
  m_PrefabInternal: {fileID: 194011823}
  m_GameObject: {fileID: 1534608195}
  serializedVersion: 2
  m_Mass: 1
  m_Drag: 0
  m_AngularDrag: 0
  m_UseGravity: 0
  m_IsKinematic: 1
  m_Interpolate: 0
  m_Constraints: 0
  m_CollisionDetection: 0
--- !u!135 &1534608198
SphereCollider:
  m_ObjectHideFlags: 0
  m_PrefabParentObject: {fileID: 135000011196383458, guid: 0fed1a27d96328e4e9ce9f3244b5df3b,
    type: 2}
  m_PrefabInternal: {fileID: 194011823}
  m_GameObject: {fileID: 1534608195}
  m_Material: {fileID: 0}
  m_IsTrigger: 0
  m_Enabled: 1
  serializedVersion: 2
  m_Radius: 0.12
  m_Center: {x: 0, y: 0, z: 0}
--- !u!1 &1592991964
GameObject:
  m_ObjectHideFlags: 0
  m_PrefabParentObject: {fileID: 1000012748797280, guid: 0fed1a27d96328e4e9ce9f3244b5df3b,
    type: 2}
  m_PrefabInternal: {fileID: 194011823}
  serializedVersion: 4
  m_Component:
  - 4: {fileID: 1592991965}
  m_Layer: 26
  m_Name: Attach_ControllerTip
  m_TagString: Untagged
  m_Icon: {fileID: 0}
  m_NavMeshLayer: 0
  m_StaticEditorFlags: 0
  m_IsActive: 1
--- !u!4 &1592991965
Transform:
  m_ObjectHideFlags: 0
  m_PrefabParentObject: {fileID: 4000013223176650, guid: 0fed1a27d96328e4e9ce9f3244b5df3b,
    type: 2}
  m_PrefabInternal: {fileID: 194011823}
  m_GameObject: {fileID: 1592991964}
  m_LocalRotation: {x: 0, y: 0, z: 0, w: 1}
  m_LocalPosition: {x: 0, y: -0.017, z: 0.0332}
  m_LocalScale: {x: 1, y: 1, z: 1}
  m_LocalEulerAnglesHint: {x: 0, y: 0, z: 0}
  m_Children: []
  m_Father: {fileID: 1036413790}
  m_RootOrder: 0
--- !u!1 &1617647755
GameObject:
  m_ObjectHideFlags: 0
  m_PrefabParentObject: {fileID: 1000013373800424, guid: 0fed1a27d96328e4e9ce9f3244b5df3b,
    type: 2}
  m_PrefabInternal: {fileID: 194011823}
  serializedVersion: 4
  m_Component:
  - 4: {fileID: 1617647756}
  - 114: {fileID: 1617647757}
  m_Layer: 0
  m_Name: DebugUI
  m_TagString: Untagged
  m_Icon: {fileID: 0}
  m_NavMeshLayer: 0
  m_StaticEditorFlags: 0
  m_IsActive: 1
--- !u!4 &1617647756
Transform:
  m_ObjectHideFlags: 0
  m_PrefabParentObject: {fileID: 4000010557950964, guid: 0fed1a27d96328e4e9ce9f3244b5df3b,
    type: 2}
  m_PrefabInternal: {fileID: 194011823}
  m_GameObject: {fileID: 1617647755}
  m_LocalRotation: {x: 0, y: 0, z: 0, w: 1}
  m_LocalPosition: {x: 0, y: 0, z: 0}
  m_LocalScale: {x: 1, y: 1, z: 1}
  m_LocalEulerAnglesHint: {x: 0, y: 0, z: 0}
  m_Children: []
  m_Father: {fileID: 1634348331}
  m_RootOrder: 5
--- !u!114 &1617647757
MonoBehaviour:
  m_ObjectHideFlags: 0
  m_PrefabParentObject: {fileID: 114000013812310606, guid: 0fed1a27d96328e4e9ce9f3244b5df3b,
    type: 2}
  m_PrefabInternal: {fileID: 194011823}
  m_GameObject: {fileID: 1617647755}
  m_Enabled: 1
  m_EditorHideFlags: 0
  m_Script: {fileID: 11500000, guid: 6f3bba2c36dd79242b3157dbcd876bf2, type: 3}
  m_Name: 
  m_EditorClassIdentifier: 
--- !u!4 &1634348331
Transform:
  m_ObjectHideFlags: 0
  m_PrefabParentObject: {fileID: 4000010174459706, guid: 0fed1a27d96328e4e9ce9f3244b5df3b,
    type: 2}
  m_PrefabInternal: {fileID: 194011823}
  m_GameObject: {fileID: 2143433528}
  m_LocalRotation: {x: 0, y: 0, z: 0, w: 1}
  m_LocalPosition: {x: 0, y: 0.36, z: -1.65}
  m_LocalScale: {x: 1, y: 1, z: 1}
  m_LocalEulerAnglesHint: {x: 0, y: 0, z: 0}
  m_Children:
  - {fileID: 946864427}
  - {fileID: 1874176794}
  - {fileID: 1642985384}
  - {fileID: 2011308613}
  - {fileID: 1226227803}
  - {fileID: 1617647756}
  m_Father: {fileID: 1529303114}
  m_RootOrder: 0
--- !u!1 &1634412636
GameObject:
  m_ObjectHideFlags: 0
  m_PrefabParentObject: {fileID: 1000011734717316, guid: 0fed1a27d96328e4e9ce9f3244b5df3b,
    type: 2}
  m_PrefabInternal: {fileID: 194011823}
  serializedVersion: 4
  m_Component:
  - 4: {fileID: 1634412639}
  - 20: {fileID: 1634412637}
  - 114: {fileID: 1634412638}
  m_Layer: 0
  m_Name: FallbackObjects
  m_TagString: Untagged
  m_Icon: {fileID: 0}
  m_NavMeshLayer: 0
  m_StaticEditorFlags: 0
  m_IsActive: 1
--- !u!20 &1634412637
Camera:
  m_ObjectHideFlags: 0
  m_PrefabParentObject: {fileID: 20000012568742140, guid: 0fed1a27d96328e4e9ce9f3244b5df3b,
    type: 2}
  m_PrefabInternal: {fileID: 194011823}
  m_GameObject: {fileID: 1634412636}
  m_Enabled: 1
  serializedVersion: 2
  m_ClearFlags: 1
  m_BackGroundColor: {r: 0.028762981, g: 0.05902014, b: 0.1397059, a: 1}
  m_NormalizedViewPortRect:
    serializedVersion: 2
    x: 0
    y: 0
    width: 1
    height: 1
  near clip plane: 0.05
  far clip plane: 300
  field of view: 60
  orthographic: 0
  orthographic size: 5
  m_Depth: -1
  m_CullingMask:
    serializedVersion: 2
    m_Bits: 4160749567
  m_RenderingPath: -1
  m_TargetTexture: {fileID: 0}
  m_TargetDisplay: 0
  m_TargetEye: 0
  m_HDR: 0
  m_OcclusionCulling: 1
  m_StereoConvergence: 10
  m_StereoSeparation: 0.022
  m_StereoMirrorMode: 0
--- !u!114 &1634412638
MonoBehaviour:
  m_ObjectHideFlags: 0
  m_PrefabParentObject: {fileID: 114000010131517236, guid: 0fed1a27d96328e4e9ce9f3244b5df3b,
    type: 2}
  m_PrefabInternal: {fileID: 194011823}
  m_GameObject: {fileID: 1634412636}
  m_Enabled: 1
  m_EditorHideFlags: 0
  m_Script: {fileID: 11500000, guid: 6043f3be9a21bd74281f9770463bea00, type: 3}
  m_Name: 
  m_EditorClassIdentifier: 
  speed: 4
  shiftSpeed: 16
  showInstructions: 1
--- !u!4 &1634412639
Transform:
  m_ObjectHideFlags: 0
  m_PrefabParentObject: {fileID: 4000011060942700, guid: 0fed1a27d96328e4e9ce9f3244b5df3b,
    type: 2}
  m_PrefabInternal: {fileID: 194011823}
  m_GameObject: {fileID: 1634412636}
  m_LocalRotation: {x: 0, y: 0, z: 0, w: 1}
  m_LocalPosition: {x: 0, y: 1.75, z: 0}
  m_LocalScale: {x: 1, y: 1, z: 1}
  m_LocalEulerAnglesHint: {x: 0, y: 0, z: 0}
  m_Children: []
  m_Father: {fileID: 1874176794}
  m_RootOrder: 0
--- !u!1 &1642985383
GameObject:
  m_ObjectHideFlags: 0
  m_PrefabParentObject: {fileID: 1000014070710506, guid: 0fed1a27d96328e4e9ce9f3244b5df3b,
    type: 2}
  m_PrefabInternal: {fileID: 194011823}
  serializedVersion: 4
  m_Component:
  - 4: {fileID: 1642985384}
  - 81: {fileID: 1642985385}
  m_Layer: 0
  m_Name: FollowHead
  m_TagString: Untagged
  m_Icon: {fileID: 0}
  m_NavMeshLayer: 0
  m_StaticEditorFlags: 0
  m_IsActive: 1
--- !u!4 &1642985384
Transform:
  m_ObjectHideFlags: 0
  m_PrefabParentObject: {fileID: 4000012217286962, guid: 0fed1a27d96328e4e9ce9f3244b5df3b,
    type: 2}
  m_PrefabInternal: {fileID: 194011823}
  m_GameObject: {fileID: 1642985383}
  m_LocalRotation: {x: 0, y: 0, z: 0, w: 1}
  m_LocalPosition: {x: 0, y: 0, z: 0}
  m_LocalScale: {x: 1, y: 1, z: 1}
  m_LocalEulerAnglesHint: {x: 0, y: 0, z: 0}
  m_Children:
  - {fileID: 1534608196}
  m_Father: {fileID: 1634348331}
  m_RootOrder: 2
--- !u!81 &1642985385
AudioListener:
  m_ObjectHideFlags: 0
  m_PrefabParentObject: {fileID: 81000011622701326, guid: 0fed1a27d96328e4e9ce9f3244b5df3b,
    type: 2}
  m_PrefabInternal: {fileID: 194011823}
  m_GameObject: {fileID: 1642985383}
  m_Enabled: 1
--- !u!1 &1650149056
GameObject:
  m_ObjectHideFlags: 0
  m_PrefabParentObject: {fileID: 0}
  m_PrefabInternal: {fileID: 0}
  serializedVersion: 4
  m_Component:
  - 4: {fileID: 1650149058}
  - 108: {fileID: 1650149057}
  m_Layer: 0
  m_Name: Directional Light
  m_TagString: Untagged
  m_Icon: {fileID: 0}
  m_NavMeshLayer: 0
  m_StaticEditorFlags: 0
  m_IsActive: 1
--- !u!108 &1650149057
Light:
  m_ObjectHideFlags: 0
  m_PrefabParentObject: {fileID: 0}
  m_PrefabInternal: {fileID: 0}
  m_GameObject: {fileID: 1650149056}
  m_Enabled: 1
  serializedVersion: 7
  m_Type: 1
  m_Color: {r: 1, g: 1, b: 1, a: 1}
  m_Intensity: 0.7
  m_Range: 10
  m_SpotAngle: 30
  m_CookieSize: 10
  m_Shadows:
    m_Type: 2
    m_Resolution: -1
    m_CustomResolution: -1
    m_Strength: 1
    m_Bias: 0.2
    m_NormalBias: 0.8
    m_NearPlane: 0.1
  m_Cookie: {fileID: 0}
  m_DrawHalo: 0
  m_Flare: {fileID: 0}
  m_RenderMode: 0
  m_CullingMask:
    serializedVersion: 2
    m_Bits: 4294967295
  m_Lightmapping: 4
  m_AreaSize: {x: 1, y: 1}
  m_BounceIntensity: 8
  m_ShadowRadius: 0
  m_ShadowAngle: 0
--- !u!4 &1650149058
Transform:
  m_ObjectHideFlags: 0
  m_PrefabParentObject: {fileID: 0}
  m_PrefabInternal: {fileID: 0}
  m_GameObject: {fileID: 1650149056}
  m_LocalRotation: {x: 0, y: 0.7933534, z: -0.60876137, w: 0}
  m_LocalPosition: {x: 0, y: 0, z: 0}
  m_LocalScale: {x: 1, y: 1, z: 1}
  m_LocalEulerAnglesHint: {x: 75, y: 180, z: 0}
  m_Children: []
  m_Father: {fileID: 1482163059}
  m_RootOrder: 2
--- !u!1 &1756027726
GameObject:
  m_ObjectHideFlags: 0
  m_PrefabParentObject: {fileID: 0}
  m_PrefabInternal: {fileID: 0}
  serializedVersion: 4
  m_Component:
  - 4: {fileID: 1756027730}
  - 33: {fileID: 1756027729}
  - 65: {fileID: 1756027728}
  - 23: {fileID: 1756027727}
  m_Layer: 0
  m_Name: Cube
  m_TagString: Untagged
  m_Icon: {fileID: 0}
  m_NavMeshLayer: 0
  m_StaticEditorFlags: 0
  m_IsActive: 1
--- !u!23 &1756027727
MeshRenderer:
  m_ObjectHideFlags: 0
  m_PrefabParentObject: {fileID: 0}
  m_PrefabInternal: {fileID: 0}
  m_GameObject: {fileID: 1756027726}
  m_Enabled: 1
  m_CastShadows: 1
  m_ReceiveShadows: 1
  m_MotionVectors: 1
  m_LightProbeUsage: 1
  m_ReflectionProbeUsage: 1
  m_Materials:
  - {fileID: 10303, guid: 0000000000000000f000000000000000, type: 0}
  m_SubsetIndices: 
  m_StaticBatchRoot: {fileID: 0}
  m_ProbeAnchor: {fileID: 0}
  m_LightProbeVolumeOverride: {fileID: 0}
  m_ScaleInLightmap: 1
  m_PreserveUVs: 1
  m_IgnoreNormalsForChartDetection: 0
  m_ImportantGI: 0
  m_SelectedWireframeHidden: 0
  m_MinimumChartSize: 4
  m_AutoUVMaxDistance: 0.5
  m_AutoUVMaxAngle: 89
  m_LightmapParameters: {fileID: 0}
  m_SortingLayerID: 0
  m_SortingOrder: 0
--- !u!65 &1756027728
BoxCollider:
  m_ObjectHideFlags: 0
  m_PrefabParentObject: {fileID: 0}
  m_PrefabInternal: {fileID: 0}
  m_GameObject: {fileID: 1756027726}
  m_Material: {fileID: 0}
  m_IsTrigger: 0
  m_Enabled: 1
  serializedVersion: 2
  m_Size: {x: 1, y: 1, z: 1}
  m_Center: {x: 0, y: 0, z: 0}
--- !u!33 &1756027729
MeshFilter:
  m_ObjectHideFlags: 0
  m_PrefabParentObject: {fileID: 0}
  m_PrefabInternal: {fileID: 0}
  m_GameObject: {fileID: 1756027726}
  m_Mesh: {fileID: 10202, guid: 0000000000000000e000000000000000, type: 0}
--- !u!4 &1756027730
Transform:
  m_ObjectHideFlags: 0
  m_PrefabParentObject: {fileID: 0}
  m_PrefabInternal: {fileID: 0}
  m_GameObject: {fileID: 1756027726}
  m_LocalRotation: {x: 0, y: 0, z: 0, w: 1}
  m_LocalPosition: {x: 0.5, y: 0.5, z: 0.5}
  m_LocalScale: {x: 1, y: 1, z: 1}
  m_LocalEulerAnglesHint: {x: 0, y: 0, z: 0}
  m_Children: []
  m_Father: {fileID: 0}
  m_RootOrder: 3
--- !u!1 &1859471929
GameObject:
  m_ObjectHideFlags: 0
  m_PrefabParentObject: {fileID: 1000011285241728, guid: 0fed1a27d96328e4e9ce9f3244b5df3b,
    type: 2}
  m_PrefabInternal: {fileID: 194011823}
  serializedVersion: 4
  m_Component:
  - 4: {fileID: 1859471930}
  - 114: {fileID: 1859471931}
  m_Layer: 0
  m_Name: ControllerHoverHighlight
  m_TagString: Untagged
  m_Icon: {fileID: 0}
  m_NavMeshLayer: 0
  m_StaticEditorFlags: 0
  m_IsActive: 1
--- !u!4 &1859471930
Transform:
  m_ObjectHideFlags: 0
  m_PrefabParentObject: {fileID: 4000012514398770, guid: 0fed1a27d96328e4e9ce9f3244b5df3b,
    type: 2}
  m_PrefabInternal: {fileID: 194011823}
  m_GameObject: {fileID: 1859471929}
  m_LocalRotation: {x: 0, y: 0, z: 0, w: 1}
  m_LocalPosition: {x: 0, y: 0, z: 0}
  m_LocalScale: {x: 1.0099999, y: 1.01, z: 1.0099999}
  m_LocalEulerAnglesHint: {x: 0, y: 0, z: 0}
  m_Children: []
  m_Father: {fileID: 1345399290}
  m_RootOrder: 1
--- !u!114 &1859471931
MonoBehaviour:
  m_ObjectHideFlags: 0
  m_PrefabParentObject: {fileID: 114000011905685992, guid: 0fed1a27d96328e4e9ce9f3244b5df3b,
    type: 2}
  m_PrefabInternal: {fileID: 194011823}
  m_GameObject: {fileID: 1859471929}
  m_Enabled: 1
  m_EditorHideFlags: 0
  m_Script: {fileID: 11500000, guid: 8ca2cc563cc33f542a5d9f8f661184ba, type: 3}
  m_Name: 
  m_EditorClassIdentifier: 
  highLightMaterial: {fileID: 2100000, guid: 7b939e5e799d98a469f594828ebab52e, type: 2}
  fireHapticsOnHightlight: 1
--- !u!1 &1874176793
GameObject:
  m_ObjectHideFlags: 0
  m_PrefabParentObject: {fileID: 1000013036256532, guid: 0fed1a27d96328e4e9ce9f3244b5df3b,
    type: 2}
  m_PrefabInternal: {fileID: 194011823}
  serializedVersion: 4
  m_Component:
  - 4: {fileID: 1874176794}
  m_Layer: 0
  m_Name: NoSteamVRFallbackObjects
  m_TagString: Untagged
  m_Icon: {fileID: 0}
  m_NavMeshLayer: 0
  m_StaticEditorFlags: 0
  m_IsActive: 0
--- !u!4 &1874176794
Transform:
  m_ObjectHideFlags: 0
  m_PrefabParentObject: {fileID: 4000012738645104, guid: 0fed1a27d96328e4e9ce9f3244b5df3b,
    type: 2}
  m_PrefabInternal: {fileID: 194011823}
  m_GameObject: {fileID: 1874176793}
  m_LocalRotation: {x: 0, y: 0, z: 0, w: 1}
  m_LocalPosition: {x: 0, y: 0, z: 0}
  m_LocalScale: {x: 1, y: 1, z: 1}
  m_LocalEulerAnglesHint: {x: 0, y: 0, z: 0}
  m_Children:
  - {fileID: 1634412639}
  - {fileID: 2014318151}
  m_Father: {fileID: 1634348331}
  m_RootOrder: 1
--- !u!1001 &1958589886
Prefab:
  m_ObjectHideFlags: 0
  serializedVersion: 2
  m_Modification:
    m_TransformParent: {fileID: 1339429372}
    m_Modifications:
    - target: {fileID: 400002, guid: 46b12845355544642bf8f9d0cb373af7, type: 2}
      propertyPath: m_LocalPosition.x
      value: 0
      objectReference: {fileID: 0}
    - target: {fileID: 400002, guid: 46b12845355544642bf8f9d0cb373af7, type: 2}
      propertyPath: m_LocalPosition.y
      value: 1
      objectReference: {fileID: 0}
    - target: {fileID: 400002, guid: 46b12845355544642bf8f9d0cb373af7, type: 2}
      propertyPath: m_LocalPosition.z
      value: 0
      objectReference: {fileID: 0}
    - target: {fileID: 400002, guid: 46b12845355544642bf8f9d0cb373af7, type: 2}
      propertyPath: m_LocalRotation.x
      value: 0.7071068
      objectReference: {fileID: 0}
    - target: {fileID: 400002, guid: 46b12845355544642bf8f9d0cb373af7, type: 2}
      propertyPath: m_LocalRotation.y
      value: 0
      objectReference: {fileID: 0}
    - target: {fileID: 400002, guid: 46b12845355544642bf8f9d0cb373af7, type: 2}
      propertyPath: m_LocalRotation.z
      value: 0
      objectReference: {fileID: 0}
    - target: {fileID: 400002, guid: 46b12845355544642bf8f9d0cb373af7, type: 2}
      propertyPath: m_LocalRotation.w
      value: 0.7071068
      objectReference: {fileID: 0}
    - target: {fileID: 400002, guid: 46b12845355544642bf8f9d0cb373af7, type: 2}
      propertyPath: m_RootOrder
      value: 0
      objectReference: {fileID: 0}
    - target: {fileID: 400002, guid: 46b12845355544642bf8f9d0cb373af7, type: 2}
      propertyPath: m_LocalScale.x
      value: 0.1
      objectReference: {fileID: 0}
    - target: {fileID: 400002, guid: 46b12845355544642bf8f9d0cb373af7, type: 2}
      propertyPath: m_LocalScale.y
      value: 0.10000005
      objectReference: {fileID: 0}
    - target: {fileID: 400002, guid: 46b12845355544642bf8f9d0cb373af7, type: 2}
      propertyPath: m_LocalScale.z
      value: 0.10000005
      objectReference: {fileID: 0}
    - target: {fileID: 11900000, guid: 46b12845355544642bf8f9d0cb373af7, type: 2}
      propertyPath: m_IgnoreLayers.m_Bits
      value: 4294967293
      objectReference: {fileID: 0}
    - target: {fileID: 11900000, guid: 46b12845355544642bf8f9d0cb373af7, type: 2}
      propertyPath: m_Orthographic
      value: 1
      objectReference: {fileID: 0}
    - target: {fileID: 400002, guid: 46b12845355544642bf8f9d0cb373af7, type: 2}
      propertyPath: m_LocalEulerAnglesHint.x
      value: 90
      objectReference: {fileID: 0}
    - target: {fileID: 11900000, guid: 46b12845355544642bf8f9d0cb373af7, type: 2}
      propertyPath: m_NearClipPlane
      value: 0.1
      objectReference: {fileID: 0}
    - target: {fileID: 11900000, guid: 46b12845355544642bf8f9d0cb373af7, type: 2}
      propertyPath: m_OrthographicSize
      value: 0.5
      objectReference: {fileID: 0}
    m_RemovedComponents: []
  m_ParentPrefab: {fileID: 100100000, guid: 46b12845355544642bf8f9d0cb373af7, type: 2}
  m_RootGameObject: {fileID: 639385489}
  m_IsPrefabParent: 0
--- !u!1 &2011308612
GameObject:
  m_ObjectHideFlags: 0
  m_PrefabParentObject: {fileID: 1000010738508778, guid: 0fed1a27d96328e4e9ce9f3244b5df3b,
    type: 2}
  m_PrefabInternal: {fileID: 194011823}
  serializedVersion: 4
  m_Component:
  - 4: {fileID: 2011308613}
  - 114: {fileID: 2011308616}
  - 114: {fileID: 2011308615}
  - 114: {fileID: 2011308614}
  m_Layer: 0
  m_Name: InputModule
  m_TagString: Untagged
  m_Icon: {fileID: 0}
  m_NavMeshLayer: 0
  m_StaticEditorFlags: 0
  m_IsActive: 1
--- !u!4 &2011308613
Transform:
  m_ObjectHideFlags: 0
  m_PrefabParentObject: {fileID: 4000014001434154, guid: 0fed1a27d96328e4e9ce9f3244b5df3b,
    type: 2}
  m_PrefabInternal: {fileID: 194011823}
  m_GameObject: {fileID: 2011308612}
  m_LocalRotation: {x: 0, y: 0, z: 0, w: 1}
  m_LocalPosition: {x: 0, y: 0, z: 0}
  m_LocalScale: {x: 1, y: 1, z: 1}
  m_LocalEulerAnglesHint: {x: 0, y: 0, z: 0}
  m_Children: []
  m_Father: {fileID: 1634348331}
  m_RootOrder: 3
--- !u!114 &2011308614
MonoBehaviour:
  m_ObjectHideFlags: 0
  m_PrefabParentObject: {fileID: 114000010384637796, guid: 0fed1a27d96328e4e9ce9f3244b5df3b,
    type: 2}
  m_PrefabInternal: {fileID: 194011823}
  m_GameObject: {fileID: 2011308612}
  m_Enabled: 1
  m_EditorHideFlags: 0
  m_Script: {fileID: 1077351063, guid: f5f67c52d1564df4a8936ccd202a3bd8, type: 3}
  m_Name: 
  m_EditorClassIdentifier: 
  m_HorizontalAxis: Horizontal
  m_VerticalAxis: Vertical
  m_SubmitButton: Submit
  m_CancelButton: Cancel
  m_InputActionsPerSecond: 10
  m_RepeatDelay: 0.5
  m_ForceModuleActive: 0
--- !u!114 &2011308615
MonoBehaviour:
  m_ObjectHideFlags: 0
  m_PrefabParentObject: {fileID: 114000013567997984, guid: 0fed1a27d96328e4e9ce9f3244b5df3b,
    type: 2}
  m_PrefabInternal: {fileID: 194011823}
  m_GameObject: {fileID: 2011308612}
  m_Enabled: 1
  m_EditorHideFlags: 0
  m_Script: {fileID: 11500000, guid: c9e05292e0d62b542ac5bba92674a86d, type: 3}
  m_Name: 
  m_EditorClassIdentifier: 
--- !u!114 &2011308616
MonoBehaviour:
  m_ObjectHideFlags: 0
  m_PrefabParentObject: {fileID: 114000013734022916, guid: 0fed1a27d96328e4e9ce9f3244b5df3b,
    type: 2}
  m_PrefabInternal: {fileID: 194011823}
  m_GameObject: {fileID: 2011308612}
  m_Enabled: 1
  m_EditorHideFlags: 0
  m_Script: {fileID: -619905303, guid: f5f67c52d1564df4a8936ccd202a3bd8, type: 3}
  m_Name: 
  m_EditorClassIdentifier: 
  m_FirstSelected: {fileID: 0}
  m_sendNavigationEvents: 0
  m_DragThreshold: 0
--- !u!1 &2014318150
GameObject:
  m_ObjectHideFlags: 0
  m_PrefabParentObject: {fileID: 1000012261519828, guid: 0fed1a27d96328e4e9ce9f3244b5df3b,
    type: 2}
  m_PrefabInternal: {fileID: 194011823}
  serializedVersion: 4
  m_Component:
  - 4: {fileID: 2014318151}
  - 114: {fileID: 2014318153}
  - 54: {fileID: 2014318152}
  m_Layer: 26
  m_Name: FallbackHand
  m_TagString: Untagged
  m_Icon: {fileID: 0}
  m_NavMeshLayer: 0
  m_StaticEditorFlags: 0
  m_IsActive: 1
--- !u!4 &2014318151
Transform:
  m_ObjectHideFlags: 0
  m_PrefabParentObject: {fileID: 4000011204849650, guid: 0fed1a27d96328e4e9ce9f3244b5df3b,
    type: 2}
  m_PrefabInternal: {fileID: 194011823}
  m_GameObject: {fileID: 2014318150}
  m_LocalRotation: {x: 0, y: 0, z: 0, w: 1}
  m_LocalPosition: {x: 0, y: 0, z: 0}
  m_LocalScale: {x: 1, y: 1, z: 1}
  m_LocalEulerAnglesHint: {x: 0, y: 0, z: 0}
  m_Children:
  - {fileID: 512159697}
  m_Father: {fileID: 1874176794}
  m_RootOrder: 1
--- !u!54 &2014318152
Rigidbody:
  m_ObjectHideFlags: 0
  m_PrefabParentObject: {fileID: 54000011847522756, guid: 0fed1a27d96328e4e9ce9f3244b5df3b,
    type: 2}
  m_PrefabInternal: {fileID: 194011823}
  m_GameObject: {fileID: 2014318150}
  serializedVersion: 2
  m_Mass: 1
  m_Drag: 0
  m_AngularDrag: 0
  m_UseGravity: 0
  m_IsKinematic: 1
  m_Interpolate: 0
  m_Constraints: 0
  m_CollisionDetection: 0
--- !u!114 &2014318153
MonoBehaviour:
  m_ObjectHideFlags: 0
  m_PrefabParentObject: {fileID: 114000011277997816, guid: 0fed1a27d96328e4e9ce9f3244b5df3b,
    type: 2}
  m_PrefabInternal: {fileID: 194011823}
  m_GameObject: {fileID: 2014318150}
  m_Enabled: 1
  m_EditorHideFlags: 0
  m_Script: {fileID: 11500000, guid: 29e3e4511966ba94d8ba0b98c6c62f82, type: 3}
  m_Name: 
  m_EditorClassIdentifier: 
  otherHand: {fileID: 0}
  startingHandType: 2
  hoverSphereTransform: {fileID: 0}
  hoverSphereRadius: 0.05
  hoverLayerMask:
    serializedVersion: 2
    m_Bits: 4294967295
  hoverUpdateInterval: 0.1
  noSteamVRFallbackCamera: {fileID: 1634412637}
  noSteamVRFallbackMaxDistanceNoItem: 10
  noSteamVRFallbackMaxDistanceWithItem: 0.5
  controllerPrefab: {fileID: 0}
  showDebugText: 0
  spewDebugText: 0
--- !u!1 &2038856287
GameObject:
  m_ObjectHideFlags: 0
  m_PrefabParentObject: {fileID: 1000014268140094, guid: 0fed1a27d96328e4e9ce9f3244b5df3b,
    type: 2}
  m_PrefabInternal: {fileID: 194011823}
  serializedVersion: 4
  m_Component:
  - 4: {fileID: 2038856288}
  - 114: {fileID: 2038856289}
  m_Layer: 26
  m_Name: ControllerButtonHints
  m_TagString: Untagged
  m_Icon: {fileID: 0}
  m_NavMeshLayer: 0
  m_StaticEditorFlags: 0
  m_IsActive: 1
--- !u!4 &2038856288
Transform:
  m_ObjectHideFlags: 0
  m_PrefabParentObject: {fileID: 4000013977335242, guid: 0fed1a27d96328e4e9ce9f3244b5df3b,
    type: 2}
  m_PrefabInternal: {fileID: 194011823}
  m_GameObject: {fileID: 2038856287}
  m_LocalRotation: {x: 0, y: 0, z: 0, w: 1}
  m_LocalPosition: {x: 0, y: 0, z: 0}
  m_LocalScale: {x: 1, y: 1, z: 1}
  m_LocalEulerAnglesHint: {x: 0, y: 0, z: 0}
  m_Children: []
  m_Father: {fileID: 1036413790}
  m_RootOrder: 2
--- !u!114 &2038856289
MonoBehaviour:
  m_ObjectHideFlags: 0
  m_PrefabParentObject: {fileID: 114000011030863966, guid: 0fed1a27d96328e4e9ce9f3244b5df3b,
    type: 2}
  m_PrefabInternal: {fileID: 194011823}
  m_GameObject: {fileID: 2038856287}
  m_Enabled: 1
  m_EditorHideFlags: 0
  m_Script: {fileID: 11500000, guid: ea1001a6626353541ab4d4b39f4c3569, type: 3}
  m_Name: 
  m_EditorClassIdentifier: 
  controllerMaterial: {fileID: 2100000, guid: 11b050e661ec0cf48a289a7266451e91, type: 2}
  flashColor: {r: 1, g: 0.9170069, b: 0.453, a: 0.709}
  textHintPrefab: {fileID: 140952, guid: 5fa42bb9e52706a42b8a1eaf0b54326a, type: 2}
  debugHints: 0
--- !u!1 &2143433528
GameObject:
  m_ObjectHideFlags: 0
  m_PrefabParentObject: {fileID: 1000011534998354, guid: 0fed1a27d96328e4e9ce9f3244b5df3b,
    type: 2}
  m_PrefabInternal: {fileID: 194011823}
  serializedVersion: 4
  m_Component:
  - 4: {fileID: 1634348331}
  - 114: {fileID: 2143433529}
  m_Layer: 0
  m_Name: Player
  m_TagString: Untagged
  m_Icon: {fileID: 3936346786652291628, guid: 0000000000000000d000000000000000, type: 0}
  m_NavMeshLayer: 0
  m_StaticEditorFlags: 0
  m_IsActive: 1
--- !u!114 &2143433529
MonoBehaviour:
  m_ObjectHideFlags: 0
  m_PrefabParentObject: {fileID: 114000010403961640, guid: 0fed1a27d96328e4e9ce9f3244b5df3b,
    type: 2}
  m_PrefabInternal: {fileID: 194011823}
  m_GameObject: {fileID: 2143433528}
  m_Enabled: 1
  m_EditorHideFlags: 0
  m_Script: {fileID: 11500000, guid: 202a6e24b48d1684398409c47161adcb, type: 3}
  m_Name: 
  m_EditorClassIdentifier: 
  trackingOriginTransform: {fileID: 1634348331}
  hmdTransforms:
  - {fileID: 1145048329}
  - {fileID: 1634412639}
  hands:
  - {fileID: 1036413789}
  - {fileID: 1345399291}
  - {fileID: 2014318153}
  headCollider: {fileID: 1534608198}
  rigSteamVR: {fileID: 946864426}
  rig2DFallback: {fileID: 1874176793}
  audioListener: {fileID: 1642985384}
  allowToggleTo2D: 1
